4895 7066
519 2473 674 2522 uun..
714 2473 795 2515 293

610 3017 649 3049 c.
670 3004 731 3055 36
758 3018 792 3048 v

615 5738 659 5775 0·
684 5735 802 5778 37¹·

938 500 1036 577 3⁶
1632 594 1640 602 ι
2218 502 2690 576 CRONICA
2751 501 3339 579 GESTORUM
3464 512 3778 586 [A.147s
3817 514 4315 577 sinemuro-mo
4353 508 4660 585 genunio]

1156 641 1235 649 ..un--
1249 641 1396 650 “wo-.-
1400 641 1477 649 ..u-›-
1491 640 1896 650 mma—mmm
1898 640 2279 650 ..o-...annam

2516 642 2630 650 m·-
2632 642 3000 650 mun—ouem-
3188 641 3524 651 mmm-»mono-
3561 642 3747 651 §nr-W
3795 641 4199 651 suanno-amm

929 750 1115 820 nitos
1159 750 1250 821 de
1295 750 1471 838 ipsis
1510 750 1827 838 squadris
1868 749 1941 817 in
1985 750 2280 839 patriam
2323 750 2580 831 redire,
2622 769 2762 821 nec
2800 750 3009 823 aliam
3068 748 3482 819 habiliorem
3541 751 3724 821 viam
3783 750 4122 829 videntes,
4181 771 4391 838 quam
4451 746 4658 839 qnod

932 858 1125 944 prius
1189 868 1445 925 testum
1514 856 1887 925 taxationis
1927 878 2057 945 pro
2102 856 2311 925 rebus
2354 856 2630 925 Rubeis
2668 856 3124 927 sacomanatis
3163 858 3704 945 persolveretur
3744 857 3874 925 sub
3917 858 4084 925 ficto
4126 855 4324 945 pacis
4378 856 4656 932 colore,

930 962 1096 1031 licet
1138 973 1244 1030 tot
1287 965 1427 1054 jam
1472 963 1663 1031 facte
1704 963 2020 1041 fuissent,
2066 964 2261 1030 faute
2306 963 2401 1030 ab
2442 963 2800 1051 episcopo,
2840 964 3120 1053 jamque
3162 965 3237 1030 in
3279 962 3533 1031 Parma
3574 963 3845 1052 singulo
3893 964 4010 1031 die
4063 962 4477 1051 predicante
4522 982 4656 1027 ve-

933 1068 1241 1139 nerabile
1288 1090 1373 1138 ac
1420 1069 1881 1139 iamosissimo
1924 1069 2366 1157 predicatore
2411 1070 2634 1139 fratre
2678 1067 2986 1139 Antonio
3031 1071 3125 1141 de
3165 1069 3517 1141 Vercellis
3572 1070 3842 1139 ordinis
3899 1069 4360 1138 observantie
4420 1068 4656 1137 sancti

934 1174 1315 1254 Paneuei,
1359 1176 1432 1245 in
1478 1176 1783 1247 ecclesia
1820 1176 2042 1245 sancti
2097 1177 2158 1243 F
2160 1196 2477 1256 rancisci
2539 1176 3038 1245 ordinaverunt
3096 1176 3426 1247 continue
3475 1176 3831 1264 predicari
3893 1176 3988 1245 de
4042 1195 4245 1262 pace,
4305 1173 4659 1261 tranquil·
4755 1168 4795 1236 5

926 1282 1127 1353 litate
1176 1293 1249 1349 et
1292 1283 1677 1354 concordia
1737 1283 2042 1355 omnium
2087 1283 2541 1371 squadrarum
2604 1284 2908 1355 civitatis
2952 1282 3226 1363 Parme,
3286 1294 3357 1351 et
3415 1283 3788 1371 superinde
3850 1282 4063 1351 factis
4104 1282 4340 1351 multis
4402 1278 4658 1368 predi-

929 1387 1327 1459 cationibus
1370 1399 1591 1457 totum
1631 1390 1965 1477 populum
2010 1392 2103 1459 ad
2145 1391 2291 1459 hoc
2332 1389 2739 1469 ortantibus,
2783 1390 2857 1459 in
2903 1389 3155 1478 quibus
3200 1391 3410 1459 etia—m
3454 1388 3945 1458 declarabatur
3988 1408 4077 1457 ex
4140 1389 4358 1456 sacris
4417 1386 4655 1474 scrip—

929 1496 1103 1563 turis
1144 1497 1330 1564 bona
1374 1509 1822 1567 sacomanata
1865 1497 2131 1569 restitui
2174 1496 2432 1567 debere
2478 1509 2548 1564 et
2591 1516 3093 1587 quemcomque
3141 1499 3519 1577 conscium,
3567 1497 3985 1585 participem
4039 1509 4109 1564 et
4160 1496 4652 1564 auxiliatorem

929 1601 1148 1689 ipsius
1193 1602 1550 1671 sacomani
1610 1603 1829 1673 teneri
1888 1603 1961 1669 in
2021 1602 2357 1682 solidum3
2419 1603 2964 1692 convocatisque
3023 1604 3322 1673 antianis
3375 1615 3445 1672 et
3502 1603 4006 1693 credentiafijs,
4062 1603 4460 1671 ordinatum
4505 1600 4656 1668 fuit

930 1706 1121 1797 elligi
1152 1709 1329 1779 duos
1354 1708 1615 1796 probos
1655 1709 1843 1779 viros
1888 1729 2018 1796 pro
2062 1708 2341 1799 singula
2383 1709 2710 1796 aquaem,
2753 1710 2874 1797 qui
2940 1711 3124 1781 hanc
3191 1731 3336 1776 rem
3406 1710 3825 1789 vintilarent,
3871 1719 4316 1786 maturarent,
4362 1708 4654 1775 consul-
4713 1706 4797 1769 10

932 1825 1322 1902 tarentque.
1415 1816 1509 1883 Et
1537 1816 1823 1887 fuerunt
1854 1815 2087 1885 ellecti
2116 1833 2245 1903 pro
2291 1815 2597 1904 squadra
2640 1815 2896 1887 Rubea
2941 1815 3266 1887 dominus
3291 1816 3647 1904 johannes
3675 1813 4000 1883 Andreas
4030 1816 4120 1882 de
4166 1814 4655 1902 Zandemarijs

937 1920 1119 2009 juris
1155 1920 1514 2009 uniusque
1561 1922 1840 1999 doctum
1889 1923 2211 1992 dominus
2254 1921 2579 2011 magister
2623 1921 3128 1991 Bartollameus
3177 1923 3269 1989 de
3313 1920 3666 1993 Anselmis
3715 1922 4048 2009 phisicus.
4135 1920 4279 1990 Pro
4339 1921 4656 2008 squadra

944 2026 1233 2106 decani,
1293 2028 1441 2099 sive
1506 2026 1958 2119 Corrigiem
2021 2028 2364 2097 Genesim
2423 2028 2518 2097 de
2561 2028 2880 2117 Nazarijs
2926 2040 2996 2096 et
3039 2027 3295 2097 Petrus
3338 2027 3622 2097 Paullus
3662 2026 4067 2099 Fulehinus.
4156 2026 4297 2094 Pro
4341 2027 4654 2116 squadra

939 2133 1182 2203 Sancti
1243 2134 1522 2205 vitame
1573 2134 1889 2205 dominus
1948 2134 2453 2205 Bartollameus
2514 2131 2608 2204 de
2673 2134 3040 2208 Gabi-ienis
3102 2148 3172 2205 et
3233 2135 3550 2204 dominus
3603 2134 4002 2205 Luduvicus
4060 2134 4153 2202 de
4209 2135 4651 2223 Tayaserris,

933 2234 1281 2311 doctores.
1369 2241 1510 2311 Pro
1578 2242 1880 2330 squadra
1946 2240 2383 2313 Pallaviciua
2447 2240 2769 2313 Andreas
2838 2243 2936 2313 de
2997 2240 3279 2313 Arzono
3354 2255 3426 2311 et
3488 2242 3894 2313 Ludovicus
3969 2241 4464 2313 Baldechinus.
4553 2240 4655 2306 Hi
4711 2239 4791 2305 15

937 2358 1097 2416 octo
1145 2347 1375 2417 multis
1417 2347 1693 2416 vicibus
1735 2349 2021 2419 fuerunt
2062 2348 2133 2417 in
2178 2348 2530 2436 colloquio
2572 2349 2664 2416 ad
2706 2348 3030 2419 invicem‹
3116 2348 3296 2421 Cum
3337 2368 3384 2416 a
3408 2348 3677 2421 Rubeis
3718 2359 4072 2434 peteretur
4115 2348 4341 2434 primo
4384 2359 4458 2417 et
4485 2358 4654 2413 ante

952 2453 1185 2525 omnia
1245 2452 1637 2523 satisfactio
1702 2455 2081 2534 sacomani,
2140 2454 2265 2545 alii
2321 2454 2784 2535 reeusabanu'
2831 2455 2970 2525 hoc
3012 2453 3088 2522 in
3147 2455 3388 2525 medio
3450 2455 3902 2538 deducentes,
3963 2454 4155 2541 quod
4215 2465 4416 2520 erant
4478 2472 4655 2519 con-

934 2561 1110 2629 tenti
1156 2561 1423 2633 dictum
1468 2572 1727 2631 festum
1768 2561 2095 2648 persolvi,
2163 2561 2290 2629 sed
2357 2561 2690 2631 volebant
2734 2561 2999 2629 civibus
3057 2561 3312 2633 taxatis
3369 2562 3444 2629 in
3505 2561 3848 2629 sententia
3906 2560 4168 2631 domini
4227 2559 4512 2627 Brande
4561 2559 4657 2627 de

938 2667 1347 2748 castiliono,r
1393 2669 1517 2756 qui
1554 2666 1695 2755 jam
1753 2668 2104 2739 solverant
2162 2682 2370 2737 unam
2428 2679 2724 2755 partem,
2780 2668 3005 2739 silicet
3067 2667 3277 2741 libras
3337 2668 3858 2754 deeemeeptem
3914 2667 4106 2733 misse
4168 2665 4657 2752 imperialium,

933 2774 1073 2844 illis
1114 2776 1321 2843 etiam
1365 2796 1486 2845 eas
1527 2775 1797 2844 restitui
1840 2796 1980 2843 una
2024 2794 2182 2843 com
2226 2775 2552 2862 expensis
2596 2775 2734 2843 hoc
2781 2776 3015 2855 modo,
3058 2775 3393 2845 videlicet
3423 2774 3613 2863 quod
3658 2772 4104 2840 illustrissimi
4134 2772 4395 2841 domini
4426 2772 4659 2839 nostri
4708 2775 4796 2837 20

930 2892 1326 2949 mutuarent
1372 2880 1776 2949 comunitati
1826 2880 2075 2949 Parme
2137 2881 2351 2949 libras
2408 2881 2874 2970 quadraginta
2933 2880 3126 2949 mille
3180 2880 3638 2968 imperialium
3704 2892 3774 2947 et
3815 2879 4234 2948 ‚cautionem
4295 2890 4661 2961 sumerent

943 3009 987 3055 a
1031 2986 1459 3056 comunitate
1498 3008 1631 3075 pro
1672 2987 1874 3055 annis
1933 2989 2203 3068 decem,
2260 2987 2333 3054 in
2394 2986 2652 3075 quibus
2705 2987 2934 3055 fieret'
2998 2988 3098 3055 eis
3156 2988 3456 3055 dominis
3517 2986 3856 3054 restitutio
3921 3006 4129 3072 super
4186 2986 4390 3053 dictis
4448 2985 4660 3053 addi·

939 3093 1236 3161 tionibus
1303 3094 1745 3161 comunitatis
1811 3113 2088 3161 camere
2158 3094 2556 3183 obligandis
2603 3108 2673 3162 et
2718 3114 2804 3162 ex
2868 3094 3122 3182 quibus
3181 3106 3419 3182 posset
3476 3095 3754 3182 utrique
3799 3093 3983 3179 parti
4044 3091 4386 3172 satisfieri,
4454 3094 4658 3159 vole-

937 3201 1242 3288 bantque
1288 3201 1501 3268 scribi
1544 3221 1672 3289 per
1716 3208 1932 3269 totam
1977 3202 2492 3280 emunitatem,
2539 3202 2729 3289 quod
2772 3201 3067 3290 relegati
3122 3213 3193 3271 et
3252 3200 3540 3280 exulles,
3584 3200 3780 3267 facta
3838 3218 4037 3285 pace,
4099 3211 4654 3266 reverterentur:

937 3329 1066 3395 pro
1113 3329 1252 3395 qua
1294 3329 1471 3396 pace
1517 3306 1958 3379 observanda
2001 3307 2331 3377 volebant
2375 3307 2672 3397 obligari
2734 3307 3106 3380 nonnullos
3163 3307 3354 3379 cives
3415 3308 3506 3377 de
3565 3305 3885 3394 squadris
3946 3324 4186 3373 eorum
4246 3306 4338 3373 ad
4389 3317 4659 3372 certam
4705 3302 4790 3370 25

935 3433 1209 3499 penam.
1304 3411 1581 3491 Quibus
1644 3434 1778 3501 pro
1842 3424 2043 3500 parte
2110 3413 2523 3483 Rubeorum
2568 3415 2705 3483 fuit
2748 3433 3178 3501 responsum,
3225 3409 3415 3500 quod
3458 3413 3692 3502 quoad
3754 3410 4081 3482 bannitos
4143 3422 4213 3478 et
4273 3413 4663 3478 confinatos

939 3539 1084 3590 non
1130 3520 1491 3607 spectabat
1533 3520 1705 3607 ipsis
1744 3518 2023 3590 Rubeis
2065 3542 2139 3590 se
2185 3519 2667 3600 intromittere,
2698 3542 2856 3588 cum
2889 3529 3069 3588 esset
3113 3518 3468 3610 negotium
3515 3528 3732 3586 status
3776 3516 4063 3586 ducalis.
4154 3517 4516 3596 Quantum
4562 3517 4662 3584 ad

941 3628 1269 3698 denarios
1307 3639 1546 3696 mutuo
1593 3649 1637 3694 a
1681 3647 1959 3698 camera
1998 3628 2365 3715 petendos,
2411 3629 2550 3696 hoc
2597 3627 2807 3698 etiam
2856 3629 3104 3696 durum
3166 3637 3238 3698 et
3300 3626 3583 3696 difficile
3641 3637 3812 3705 erat,
3876 3645 4035 3692 cum
4097 3625 4365 3692 domini
4436 3625 4660 3692 duces

937 3746 1171 3803 essent
1227 3734 1547 3821 undique
1604 3734 1839 3825 gueris
1899 3733 2285 3804 circondati
2328 3746 2399 3802 et
2447 3736 2772 3820 expensis
2830 3732 3126 3814 frustati,
3197 3754 3281 3801 ac
3352 3731 3561 3800 etiam
3621 3732 3812 3820 quod
3870 3731 4005 3817 ipsi
4066 3730 4330 3797 domini
4388 3732 4666 3798 nollent

944 3851 1316 3927 expectare
1383 3862 1510 3928 per
1578 3841 2012 3920 decennium,
2081 3842 2413 3930 quodque
2477 3840 2688 3908 etiam
2751 3861 2896 3908 non
2957 3853 3110 3908 erat
3172 3860 3347 3927 opus
3406 3840 3543 3908 alia
3602 3855 3804 3925 pace,
3866 3857 4026 3904 cum
4096 3839 4238 3928 jam
4298 3847 4404 3905 tot
4464 3838 4660 3904 facte
4705 3838 4790 3904 30

936 3946 1213 4026 fuerint,
1260 3969 1399 4036 que
1441 3967 1573 4034 per
1613 3948 1800 4033 ipsas
1843 3959 1982 4016 tres
2026 3949 2362 4036 squadras
2404 3947 2688 4016 minime
2732 3948 3014 4015 fuerant
3057 3946 3445 4016 observate.
3538 3946 3633 4018 Et
3691 3945 3750 4010 si
3805 3965 3940 4031 pur
3982 3943 4232 4010 velent
4271 3943 4482 4010 aliam
4526 3965 4658 4030 pa-

937 4074 1095 4122 cem
1136 4054 1309 4133 fieri,
1353 4053 1495 4124 hoc
1536 4067 1799 4122 summe
1832 4053 1933 4122 eis
1974 4053 2320 4141 placebat,
2366 4053 2741 4122 dummodo
2785 4054 3166 4120 accederet
3209 4071 3590 4122 consensus
3629 4050 4032 4138 principum
4077 4061 4494 4129 nostrorum,
4538 4051 4667 4117 fie-

938 4171 1186 4248 retque
1229 4159 1460 4233 animo
1505 4160 1783 4228 volente
1844 4172 1916 4228 et
1974 4161 2282 4238 sincer03
2329 4162 2462 4228 sed
2515 4160 2655 4226 duo
2715 4159 3079 4246 potissime
3124 4158 3655 4246 requirebantur
3712 4176 3843 4244 pro
3887 4168 4086 4244 parte
4132 4155 4406 4234 Rubea,
4464 4158 4664 4243 quod

938 4262 1171 4328 statim
1231 4264 1429 4329 fieret
1490 4263 1757 4350 integra
1816 4262 2168 4329 sacomani
2215 4262 2558 4329 restitutio
2608 4263 2934 4350 quodque
2981 4281 3112 4347 pro
3157 4282 3338 4348 pace
3399 4271 3738 4347 perpetuo
3798 4258 4238 4326 observanda
4296 4259 4448 4345 ipoe
4507 4268 4657 4326 tres

941 4369 1243 4460 squadre
1285 4369 1745 4442 fideiuberent
1788 4370 1861 4436 in
1907 4368 2314 4442 Mediolano
2375 4369 2468 4436 de
2528 4369 2989 4456 quadraginta
3033 4367 3337 4436 millibus
3394 4367 3622 4434 aureis
3681 4386 3821 4433 non
3883 4364 4293 4433 offendendi
4353 4365 4658 4454 squadre
4704 4361 4790 4434 35

941 4475 1215 4555 Rubee,
1278 4491 1409 4542 nec
1472 4475 1744 4546 offendi
1790 4474 2122 4546 faciendi.
2214 4474 2439 4560 Super
2486 4473 2736 4563 quibus
2779 4475 2971 4542 facte
3016 4485 3173 4540 sunt
3217 4473 3433 4538 multe
3479 4471 4006 4549 collocutiones,
4051 4470 4319 4556 pratice
4366 4482 4440 4537 et
4486 4490 4660 4537 con-

939 4581 1344 4650 sultationes
1387 4600 1512 4667 per
1556 4581 1743 4672 ipsas
1786 4594 1927 4650 tres
1968 4581 2327 4668 squadras.
2417 4578 2749 4646 Attamen
2792 4579 3022 4647 nullus
3064 4591 3169 4648 est
3212 4577 3564 4646 adhibitus
3608 4578 3783 4656 finis,
3830 4576 4042 4646 etiam
4085 4596 4160 4643 se
4211 4576 4663 4662 interponen-

941 4687 1126 4755 tibus
1156 4687 1493 4775 episcopo
1522 4697 1596 4754 et
1626 4685 2114 4776 gubernatore.
2206 4687 2521 4774 Cumque
2553 4685 2958 4761 viderentur
2987 4683 3201 4754 verba
3231 4685 3537 4771 ipsarum
3569 4685 3777 4753 trium
3808 4682 4266 4771 squadrarum
4298 4684 4392 4750 ad
4421 4682 4664 4769 Ephe·

939 4794 1077 4860 sios
1120 4805 1193 4861 et
1240 4791 1681 4862 Collosenses
1727 4793 1874 4860 sine
1920 4793 2069 4862 ullo
2111 4793 2592 4873 fondamento,
2638 4792 3011 4879 superinde
3041 4793 3352 4879 positum
3383 4791 3523 4859 suit
3552 4790 3930 4870 silentium,
3960 4810 4095 4858 nec
4125 4789 4415 4858 ulterius
4445 4810 4655 4875 super

939 4900 1071 4967 hac
1116 4900 1405 4970 materia
1448 4917 1887 4990 progressum
1933 4911 2055 4967 est.
3969 4889 3974 4892 ’
4712 4898 4795 4961 40

1116 5007 1253 5073 Die
1297 5006 1651 5095 trigesimo
1695 5006 2088 5074 decembris
2132 5005 2306 5076 dicti
2351 5004 2522 5073 anni
2574 5004 2740 5078 1478
2771 5006 3236 5075 transiverunt
3264 5025 3391 5093 per
3423 5003 3780 5073 civitatem
3823 5002 4078 5070 Parme
4126 5002 4491 5091 quingenti
4537 5023 4667 5089 pe-

947 5114 1125 5182 dites
1172 5114 1597 5184 Venetorum
1642 5114 1831 5180 missi
1877 5113 1950 5179 in
1995 5112 2374 5182 subsidium
2420 5122 2642 5179 status
2686 5112 3098 5192 Mediolani,
3145 5112 3263 5201 qui
3306 5111 3584 5179 iverunt
3629 5111 4150 5179 Pontremulum
4197 5109 4376 5178 bene
4405 5109 4661 5176 armati

940 5231 1228 5306 propter
1275 5220 1685 5290 cominatam
1729 5240 2052 5308 guerram
2096 5218 2362 5285 domini
2406 5217 2706 5286 Robcrti
2752 5218 2845 5287 de
2889 5218 3153 5287 Sancto
3201 5219 3560 5286 SeverinO.

1113 5327 1381 5415 Hyems
1425 5324 1589 5391 anni
1634 5324 1835 5390 huius
1887 5323 2051 5396 1478
2099 5347 2316 5413 usquc
2349 5326 2442 5392 ad
2474 5323 2877 5393 callcndas
2853 5326 3150 5415 Januarij
3196 5324 3482 5391 alterius
3526 5322 3872 5412 sequentis
3918 5322 4085 5390 anni
4129 5322 4266 5390 fuit
4306 5320 4460 5390 sine
4507 5323 4664 5410 gla-

940 5433 1035 5498 tie
1078 5444 1149 5502 et
1194 5431 1342 5500 sine
1388 5432 1573 5500 nive.
1660 5433 1887 5499 Multe
1931 5441 2163 5499 tamen
2208 5431 2388 5499 ultra
2432 5430 2708 5502 solitum
2754 5433 3041 5500 fuerunt
3083 5430 3342 5520 pluvie.
4713 5426 4791 5496 45

2682 5705 2943 5780 1479.

1123 5902 1342 5968 Facta
1386 5901 1522 5968 fuit
1566 5900 1639 5967 in
1687 5900 1970 5967 civitate
2034 5901 2284 5968 Parme
2353 5902 2443 5969 de
2505 5904 2838 5969 mandato
2898 5901 3522 5968 illustrissimorum
3582 5899 4023 5968 dominorum
4085 5909 4480 5968 nostrorum
4542 5900 4664 5968 die

946 6006 1169 6092 primo
1213 6006 1506 6097 januarij
1564 6004 1730 6079 1479
1777 6004 2061 6092 publica
2107 6006 2325 6086 crida,
2375 6008 2567 6094 quod
2610 6008 2899 6095 quilibet
2940 6019 3175 6095 posset
3238 6008 3635 6077 conducere
3697 6006 4030 6074 victualia
4089 6024 4532 6094 quecumque
4595 6005 4667 6071 in
