4895 7066
327 510 446 582 [A.
486 513 647 567 1480
684 511 1291 581 agusto-settembre]
1518 501 1634 574 IN
1690 498 2205 572 PARTIBUS
2262 496 2899 571 LOMBARDIE
3965 488 4057 571 77

1344 649 1527 657 ...ΗΜ-Μ.
1534 652 1537 655 .
1544 650 1573 656 ...
1579 642 3580 657 .-no-...u---v--mW--o-uu-w-uu1-0-nu-ffl-m-fflme-m--me-u
3586 639 4066 650 .----·.-vv-v*·—u·ffl·--·-—-m

348 764 655 832 dinando
700 764 1013 834 mittente
1056 765 1131 831 in
1177 765 1509 832 auxilium
1552 764 1750 834 Rodi
1798 765 1972 833 duas
2015 763 2352 832 maximas
2396 778 2634 842 naves,
2681 761 3030 852 victuaIiJs
3075 772 3145 828 et
3186 757 3583 827 hominibus
3627 759 3864 839 fultas,
3913 769 4072 826 ante

350 873 609 940 dictum
655 872 1102 940 Turchorum
1149 873 1522 940 adventum
1570 872 1645 938 in
1693 873 1938 953 hallia,
1984 873 2072 940 ab
2120 871 2220 938 eis
2266 891 2480 939 naves
2523 871 2709 957 ipsas
2752 870 2969 936 fuisse
3017 878 3281 956 captas.

524 979 811 1065 Insuper
855 999 1039 1046 nova
1085 979 1541 1058 advenerunt,
1588 978 1911 1067 qualliter
1953 977 2298 1057 Turchus,
2330 977 2451 1066 qui
2502 975 2868 1044 dicebatur
2897 973 3267 1042 recessisse
3309 972 3400 1041 ab
3446 971 3811 1042 obsidione
3854 972 4070 1052 Rodi,

358 1087 514 1153 illuc
556 1106 909 1152 reversum
955 1104 1110 1152 esse
1157 1098 1228 1153 et
1271 1106 1526 1153 novam
1572 1085 1927 1153 civitatem
1975 1085 2048 1149 in
2093 1083 2341 1150 insulla
2386 1105 2475 1150 ex
2521 1083 2840 1170 opposito
2885 1081 3081 1150 Rodi
3125 1081 3456 1148 struxisse
3505 1092 3577 1149 et
3620 1078 3763 1147 illic
3810 1079 4071 1147 habere

287 1196 319 1258 5
362 1195 528 1260 duas
568 1192 991 1259 bombardas
1035 1192 1418 1261 altitudinis
1460 1193 1533 1259 in
1581 1214 1701 1260 ore
1747 1211 1880 1278 pro
1924 1190 2198 1280 singula
2255 1190 2645 1277 palmorum
2705 1190 3051 1257 undecim.
3143 1187 3418 1256 Dicitur
3464 1186 3699 1265 etiam,
3747 1187 3938 1274 quod
3984 1208 4073 1252 ex

362 1299 707 1385 campanis
751 1301 1064 1367 locorum
1112 1300 1188 1366 in
1233 1298 1494 1386 Apulia
1538 1299 1949 1386 adeptorum
1997 1296 2305 1366 construi
2351 1296 2721 1364 bronzinas
2749 1296 3052 1364 infinitas
3096 1295 3271 1379 facit
3303 1306 3373 1363 et
3405 1315 3646 1362 omnes
3690 1313 4067 1380 campanas

354 1407 570 1492 rompi
610 1428 741 1494 pro
786 1406 1276 1475 bronzinarum
1324 1407 1859 1475 constructione.

520 1514 599 1579 In
643 1513 1001 1600 principio
1046 1514 1300 1580 mensis
1344 1512 1752 1600 septembris
1804 1514 1973 1579 1480
2016 1524 2265 1603 gentes
2324 1512 2639 1579 ducalles
2683 1511 3009 1579 comitive
3058 1510 3343 1577 illustris
3407 1508 3672 1578 domini
3715 1506 4072 1576 Ludovici

355 1618 649 1698 Sforcie,
695 1642 834 1708 que
878 1621 988 1687 his
1030 1620 1359 1707 proximis
1403 1618 1833 1706 temporibus
1878 1620 2361 1708 equitaverant
2421 1618 2500 1685 in
2561 1618 2879 1705 partibus
2939 1614 3499 1685 Bononiensibus
3546 1636 3703 1682 cum
3748 1612 4072 1705 gentibus

243 1728 311 1792 10
352 1726 612 1792 domini
657 1726 961 1796 Roberti
1008 1727 1099 1792 de
1147 1728 1408 1794 Sancto
1457 1727 1797 1794 Severino
1844 1746 1974 1814 pro
2021 1725 2427 1794 differentia
2472 1724 2787 1815 Forlivij,
2834 1736 3252 1812 retrogresse
3297 1736 3458 1791 sunt
3498 1722 3594 1790 ad
3637 1722 3867 1789 sollita
3899 1720 4072 1787 allo-

346 1832 697 1922 giamenta
741 1834 820 1898 in
867 1833 1179 1900 dominio
1225 1833 1486 1901 ducalli
1531 1832 1967 1911 Mediolani;
2015 1845 2086 1900 et
2131 1832 2469 1900 Faventie
2513 1843 2992 1898 remanserunt
3036 1843 3107 1898 et
3137 1830 3388 1918 partim
3431 1827 3753 1898 Bononie
3783 1850 3873 1926 ex
3902 1848 4073 1916 gen-

349 1939 535 2006 tibus
574 1939 881 2026 prefacti
928 1940 1197 2007 domini
1244 1924 1566 2019 Roberti,
1612 1940 1733 2027 qui
1781 1941 1989 2007 etiam
2038 1939 2360 2006 dominus
2403 1938 2761 2006 Robertus
2804 1938 3063 2005 residet
3105 1936 3448 2005 Bononie.

518 2048 598 2112 In
659 2047 797 2115 hoc
856 2046 1206 2134 principio
1267 2046 1526 2115 mensis
1583 2046 1990 2133 septembris
2050 2046 2398 2135 quottidie
2459 2045 2702 2132 peiora
2746 2065 2929 2112 nova
2990 2045 3081 2111 de
3143 2043 3450 2111 Turchis
3496 2042 3949 2110 existentibus
3991 2045 4066 2108 in

339 2152 617 2239 Apulea
662 2154 860 2221 dicta
903 2167 1082 2234 sunt,
1129 2155 1425 2220 maxime
1490 2154 1678 2243 quod
1737 2154 1938 2241 quasi
1982 2165 2198 2222 totam
2256 2154 2444 2219 illam
2491 2152 2910 2240 provintiam
2973 2151 3489 2240 subiugaverint
3549 2169 3707 2218 com
3759 2150 4076 2216 maximis

208 2260 287 2323 15
342 2260 876 2328 crudelitatibus
906 2271 979 2328 et
1006 2261 1294 2329 infinitis
1338 2262 1631 2328 damnis.
1697 2262 1793 2328 Et
1840 2260 2001 2326 licet
2044 2280 2173 2347 pro
2219 2271 2413 2346 parte
2464 2260 2652 2347 regis
2696 2257 3129 2325 Ferdinandi
3172 2258 3471 2324 maxima
3514 2257 3713 2323 fieret
3756 2256 4068 2344 provisio

334 2387 476 2452 pro
519 2367 935 2434 defensione
981 2389 1125 2446 sua,
1174 2368 1437 2434 dictum
1484 2367 1624 2433 fuit
1667 2368 1856 2455 ipsos
1899 2366 2224 2435 Turchos
2284 2366 2630 2488 equitasse
2674 2386 2814 2431 una
2857 2364 2971 2431 die
3019 2375 3088 2431 et
3130 2374 3336 2431 nocte
3378 2362 3742 2451 plusquam
3790 2374 4069 2430 centum

332 2473 654 2561 miliasijs
700 2485 776 2541 et
820 2487 1067 2563 gentes
1108 2474 1296 2562 regis
1340 2474 1699 2540 venientes
1745 2484 1991 2542 contra
2034 2493 2154 2541 eos
2197 2473 2465 2560 rupisse
2513 2483 2584 2538 et
2627 2470 2834 2538 morti
2867 2491 3105 2538 omnes
3150 2470 3453 2538 dedisse.

523 2582 817 2667 Insuper
860 2583 999 2648 hoc
1045 2600 1282 2647 mense
1328 2580 1741 2667 septembris
1787 2600 1969 2647 nova
2012 2581 2467 2658 advenerunt,
2514 2578 2841 2668 qualliter
2882 2578 3155 2644 Turchi
3215 2589 3549 2664 ruperant
3592 2591 3839 2667 gentes
3884 2579 4070 2666 regis

326 2688 781 2754 Ferdinandi
810 2700 881 2755 et
912 2689 1103 2775 quod
1134 2689 1277 2755 dux
1319 2687 1672 2755 Callabrie
1704 2686 2210 2777 primogenitus
2239 2687 2412 2753 dicti
2440 2686 2630 2775 regis
2661 2697 2732 2752 et
2761 2695 3098 2773 cognatus
3142 2684 3495 2772 quondam
3528 2684 3729 2751 ducis
3761 2685 4067 2763 Galleaz,

173 2797 269 2860 20
324 2815 481 2861 non
528 2795 1035 2881 reperiebatur,
1081 2815 1239 2861 cum
1285 2794 1533 2861 fuisset
1578 2794 1653 2859 in
1698 2793 1895 2860 dicta
1937 2806 2141 2881 rupta
2186 2805 2257 2860 et
2297 2793 2650 2861 dubitatur
2697 2793 2786 2860 de
2833 2793 2982 2858 eius
3024 2803 3268 2870 morte,
3313 2787 3461 2857 aut'
3511 2791 3860 2879 captione.
3937 2792 4065 2857 Di-

322 2914 674 2990 ctumque
722 2901 860 2967 fuit
904 2902 978 2967 in
1025 2902 1301 2993 agmine
1346 2902 1518 2968 dicti
1562 2901 1833 2967 Turchi
1895 2901 1993 2966 nil
2053 2901 2246 2968 aliud
2309 2900 2615 2979 clamari,
2678 2921 2884 2987 quam
2958 2903 2989 2936 ‘⁴
3012 2898 3256 2976 BrazO,
3303 2898 3512 2965 brazo
3540 2924 3613 2979 „3
3675 2898 4067 2987 fecisseque

318 3009 789 3095 proclamari,
835 3010 1029 3097 quod
1076 3010 1494 3097 quicumque
1543 3031 1615 3075 se
1663 3008 1803 3074 illis
1848 3008 2067 3076 libere
2113 3008 2384 3087 darent,
2431 3009 2627 3096 quod
2687 3007 2759 3072 in
2805 3007 2942 3073 fide
2989 3004 3254 3072 domini
3317 3006 3535 3071 nostri
3578 3006 3747 3095 Jesu
3808 3005 4067 3073 Christi

322 3136 477 3181 non
515 3115 1105 3195 mollestarentur,
1137 3115 1329 3182 salvo
1365 3116 1556 3203 quod
1586 3115 1866 3183 volebat
1898 3136 2272 3202 campanas
2302 3113 2573 3201 dirrupi
2589 3139 2608 3191 3
2642 3114 2940 3202 veleque
2987 3133 3230 3179 omnes
3276 3112 3596 3179 civitates
3641 3123 3709 3179 et
3754 3113 4074 3199 populos,

324 3224 457 3310 qui
508 3244 585 3288 se
637 3221 868 3287 eidem
914 3222 1132 3289 libere
1178 3221 1701 3301 summitterent,
1734 3222 1888 3288 fore
1918 3242 2044 3307 per
2077 3221 2487 3288 decennium
2517 3232 2912 3306 exemptos3
2959 3219 3399 3306 postmodum
3447 3219 3637 3305 quod
3668 3218 3799 3286 sibi
3843 3220 4072 3287 exsol-

164 3325 265 3393 25
325 3342 592 3396 ver-ent
626 3348 911 3396 aureum
940 3350 1155 3394 unum
1183 3349 1312 3416 pro
1343 3329 1614 3417 singulo
1648 3330 1876 3415 capite
1908 3328 2229 3395 familias.
2290 3327 2402 3395 Ac
2434 3327 2645 3394 etiam
2677 3326 3062 3405 dicebatur,
3094 3325 3223 3394 hos
3251 3326 3717 3414 iniquissimos
3745 3326 4070 3393 Turchos

323 3436 615 3502 vexisse
664 3445 739 3502 et
782 3434 1049 3501 misisse
1092 3435 1165 3500 in
1211 3435 1525 3521 partibus
1569 3435 1710 3502 suis
1753 3435 1939 3502 forte
1975 3446 2134 3503 octo
2165 3434 2354 3501 mille
2400 3433 2666 3500 animas
2732 3433 3266 3500 christianorum
3314 3443 3674 3519 captorum
3720 3434 3792 3499 in
3824 3430 4068 3500 Pullea

328 3555 408 3610 et
454 3542 723 3610 exinde
773 3542 1048 3609 duxisse
1096 3544 1343 3609 decem
1387 3540 1577 3610 mille
1621 3543 2030 3630 preliatores
2073 3542 2419 3609 Turchos.

524 3650 708 3717 Cum
756 3651 892 3715 hoc
937 3662 1249 3737 tempore
1298 3650 1682 3717 Florentini
1733 3660 1958 3716 castra
2002 3649 2390 3736 posuissent
2438 3649 2765 3729 Sarzane,
2798 3668 2885 3715 ex
2914 3648 3295 3735 improviso
3327 3647 3712 3735 Januenses
3753 3649 3907 3735 ipsa
3952 3667 4070 3713 ca-

332 3768 484 3822 stra
530 3767 875 3842 ruperunt
917 3768 989 3822 et
1033 3755 1469 3822 abduxerunt
1514 3755 1870 3823 dominum
1915 3755 2285 3822 Marchum
2317 3756 2406 3822 de
2439 3755 2583 3844 Pijs
2627 3756 2717 3822 de
2761 3756 2995 3842 Carpo
3040 3755 3347 3841 ipsorum
3391 3766 3771 3821 castrorum
3818 3754 4067 3821 ducem

193 3864 286 3928 30
336 3862 705 3948 captivum
752 3863 826 3927 in
870 3874 1057 3927 terra
1103 3862 1383 3949 Spedie,
1431 3883 1516 3928 ac
1544 3862 1773 3958 'etiam
1820 3863 2036 3929 fuisse
2082 3862 2516 3929 vulneratum
2562 3862 2947 3950 Johannem
2982 3859 3362 3937 Quillicum
3394 3861 3485 3927 de
3519 3860 3783 3927 Sancto
3828 3860 4072 3927 Vitalli

336 3970 793 4036 millitantem
840 3989 997 4036 com
1042 3981 1319 4035 centum
1366 3970 1565 4057 equis
1610 3970 1702 4036 ad
1746 3969 2092 4056 stipendia
2135 3969 2718 4036 Florentinorum.
3077 4057 3082 4062 ·

526 4077 699 4155 Quo
748 4077 954 4141 etiam
1000 4086 1310 4162 tempore
1355 4089 1603 4166 gentes
1647 4076 1987 4164 armigere
2035 4076 2296 4143 domini
2342 4075 2642 4143 Roberti
2691 4078 2780 4143 de
2829 4076 3089 4143 Sancto
3137 4075 3502 4155 SeverinO,
3550 4094 3685 4162 que
3731 4085 3929 4141 erant
3988 4073 4062 4139 in

340 4182 846 4260 Romandiola,
891 4194 1230 4249 venerunt
1273 4183 1347 4249 in
1390 4181 1752 4249 Parmensi
1798 4183 1892 4248 ad
1937 4181 2406 4272 allogiandum
2453 4194 2522 4248 et
2566 4194 2725 4248 sunt
2771 4201 3059 4249 numero
3107 4183 3267 4270 equi
3313 4193 3878 4269 septemcentum.

12 1482 123 1505 ‘'b-l

0 1510 92 1535 *Q

3 1726 83 1745 ss-..J

230 4394 304 4460 35
350 4398 587 4485 gentie
638 4416 969 4462 concesse
1012 4396 1086 4461 in
1133 4407 1276 4462 toto
1320 4396 1582 4463 mondo
1628 4395 1951 4462 fidelibus
1997 4396 2391 4462 christianis
2421 4395 3026 4483 suspendebantur
3054 4418 3271 4485 usque
3316 4396 3409 4462 ad
3455 4395 3639 4462 diem
3674 4393 4071 4464 PasceRe-

349 4503 778 4571 xurectionis
822 4503 1103 4568 Domini
1146 4504 1464 4590 proxime
1511 4503 1836 4581 futuram,
1900 4504 1993 4569 ad
2038 4505 2174 4569 hoc
2221 4515 2295 4570 ut
2339 4503 2780 4592 indulgentia
2825 4523 3160 4572 concessa
3204 4504 3276 4568 in
3324 4503 3614 4595 eclexijs
3661 4503 3904 4571 Sancti
3948 4501 4074 4592 Jo-

352 4611 610 4677 hannis
654 4609 966 4695 Baptiste
1012 4629 1141 4695 pro
1186 4609 1489 4677 subsidio
1520 4609 1716 4676 Rodi
1747 4610 1967 4698 magis
1999 4609 2483 4698 frequentetur
2527 4611 2600 4675 in
2631 4609 3011 4676 subsidium
3058 4611 3543 4678 Rodianorum
3591 4621 3834 4677 contra
3879 4610 4069 4675 Teu-

356 4737 509 4784 cros
554 4715 849 4782 Rodum
896 4715 1271 4781 crudeliter
1315 4715 1731 4782 obsidentes.

529 4819 801 4889 Ultimo
846 4820 1255 4908 septembris
1309 4823 1475 4887 1480
1522 4835 1857 4889 venerunt
1903 4822 2131 4890 littere
2192 4844 2235 4888 a
2294 4823 2528 4904 Rodo,
2579 4823 2897 4912 qualliter
2940 4825 3263 4892 Turchus
3307 4825 3383 4890 in
3443 4846 3584 4892 una
3644 4824 3758 4892 die
3819 4824 4075 4910 septies

251 4935 319 4998 40
357 4952 481 5017 pro
531 4928 802 4996 viribus
845 4929 989 4994 suis
1033 4930 1260 4995 menia
1305 4930 1499 4996 Rodi
1543 4944 2084 5018 expugnaverat,
2132 4932 2416 4997 tandem
2479 4930 2827 4998 Rodianis
2886 4931 3179 5000 viriliter
3237 4933 3479 5000 urbem
3542 4929 4077 4999 defendentibus

0 4609 61 4657 'ss
0 4485 58 4549 η*
0 4295 57 4443 lja-³2
0 4184 43 4228 u

0 5035 59 5082 ³²¹⁵·
358 5038 574 5105 occisi
621 5047 782 5102 sunt
826 5035 1073 5102 decem
1121 5047 1283 5102 octo
1328 5036 1515 5103 mille
1564 5058 1651 5102 ex
1693 5037 2177 5130 preliatoribus
2206 5037 2651 5104 Turchorum
2683 5051 2752 5105 et
2783 5038 2973 5126 quod
3017 5039 3093 5104 in
3137 5052 3342 5126 portu
3388 5050 3846 5106 sumerserant
3878 5036 4078 5126 quin-

1 5141 57 5185 *ff
358 5166 485 5233 que
533 5143 881 5232 galleazie
930 5161 1087 5208 com
1135 5142 1451 5209 omnibus
1494 5144 2003 5230 preliatoribus,
2048 5144 2124 5209 in
2172 5164 2310 5232 qua
2354 5144 2778 5210 sumersione
2823 5164 3047 5234 gener
3088 5145 3358 5212 Turchi
3423 5146 3566 5211 dux
3611 5145 3882 5210 illarum
3925 5143 4077 5233 gal-

0 5247 54 5315 23³2
357 5254 623 5318 learum
655 5249 980 5335 perierat.
1069 5246 1280 5315 Unde
1312 5249 1579 5315 Turchi
1608 5251 1926 5316 videntes
1958 5250 2312 5317 civitatem
2341 5249 2972 5338 inexpugnabilem,
3005 5263 3216 5318 totam
3245 5253 3562 5318 insullam
3594 5251 3867 5338 predati
3896 5261 4077 5329 sunt,

0 5352 55 5406 Ψ
360 5359 544 5424 ferro
594 5366 667 5421 et
711 5356 876 5442 igne
921 5354 1153 5421 omnia
1198 5366 1547 5422 vastantes
1592 5368 1663 5423 et
1711 5356 1796 5423 ab
1847 5356 2250 5423 obscidione
2300 5376 2454 5423 com
2502 5359 2757 5424 damno
2805 5369 2875 5422 et
2919 5357 3257 5445 vituperio
3289 5358 3584 5445 turpiter
3628 5357 4077 5440 disceserunt.

0 5447 79 5523 :2¹2³
271 5466 329 5529 45
528 5462 908 5550 Vigesimo
957 5473 1206 5528 octavo
1252 5462 1660 5549 septembris
1706 5462 1987 5530 illustris
2035 5464 2354 5532 dominus
2397 5464 2752 5532 Robertus
2800 5465 2888 5530 de
2939 5464 3197 5532 Sancto
3245 5464 3584 5532 Severino
3631 5486 3718 5530 ex
3762 5464 4081 5532 Bononia

0 5567 66 5641 {a
368 5571 675 5637 Parmam
726 5567 943 5647 venit,
989 5567 1106 5634 ubi
1155 5588 1311 5635 com
1358 5569 1641 5637 domino
1689 5569 2025 5657 episcopo
2072 5569 2282 5637 unica
2327 5583 2534 5638 nocte
2581 5582 2882 5637 moratus
2928 5584 3052 5651 est,
3097 5572 3519 5659 vocavitque
3566 5591 3798 5638 coram
3831 5593 3907 5639 se
3936 5583 4078 5639 tres

0 5692 86 5765 χιε
370 5680 689 5767 aquadras
734 5676 945 5741 simul
993 5675 1219 5741 unitas
1261 5686 1332 5740 et
1378 5676 1628 5742 exinde
1676 5676 2020 5756 Rubeam,
2069 5678 2301 5746 silicet
2330 5698 2417 5760 ex
2445 5678 2812 5769 primarijs,
2849 5698 3020 5765 quos
3066 5698 3308 5746 omnes
3337 5679 3431 5746 ad
3460 5678 3641 5745 bene
3674 5690 3742 5745 et
3770 5678 4079 5744 fraterne

1 5799 103 5869 με»
369 5786 725 5854 vivendum
782 5784 1191 5849 cohortatus
1251 5792 1372 5862 est,
1434 5803 1508 5849 se
1570 5782 1887 5850 omnibus
1932 5785 2269 5872 equaliter
2314 5786 2679 5851 offerrens.
2770 5786 2862 5851 Et
2908 5785 3022 5850 cui
3066 5785 3332 5851 antiani
3378 5787 3957 5853 condonaverunt
3988 5786 4079 5853 de

10 5907 109 5980 decu
365 5917 458 5961 ere
500 5890 915 5962 communis
975 5908 1209 5954 ceram
1256 5901 1327 5956 et
1386 5889 1865 5956 confectiones
1925 5890 2145 5979 precij
2200 5890 2618 5958 florenorum
2666 5893 2913 5958 decem
2961 5891 3053 5957 ad
3097 5901 3465 5958 monetam.
3557 5892 3772 5970 Quod
3833 5913 4079 5959 munus

0 5991 114 6065 rit-³
283 5997 334 6069 50
357 6003 573 6073 libenti
624 6014 702 6069 et
750 5997 1079 6088 gratioso
1123 5995 1353 6062 animo
1399 5996 1718 6082 suscepit.
1809 5997 2082 6063 Exinde
2130 5997 2534 6064 Colurnium
2583 6010 2653 6064 et
2698 6018 2787 6066 ex
2818 5997 3175 6066 Collurnio
3208 5995 3684 6066 Mediolanum
3719 5999 4073 6094 equitavit,

428 4369 435 4374 ¹
526 4288 897 4377 Vigesimo
942 4300 1186 4377 quarto
1246 4289 1664 4375 septembris
1722 4288 2081 4376 publicate
2142 4289 2425 4356 fuerunt
2468 4288 2654 4356 bulle
2702 4289 3106 4376 apostolice,
3169 4288 3499 4377 qualliter
3539 4309 3779 4354 omnes
3839 4287 4070 4354 indul·
4149 4257 4154 4264 ⁸
4221 4321 4247 4350 c

4219 2073 4262 2107 e.
4291 2063 4408 2106 lev

4216 2813 4375 2863 Mun..

4406 2812 4491 2853 3⁴⁸
