4895 7066
339 554 443 627 [Α.
481 557 641 612 1477
685 559 1073 631 novembre]
1534 548 1647 621 IN
1703 547 2219 622 PARTIBUS
2273 548 2906 622 LOMBARDIE
3982 552 4069 626 19
4159 482 4166 499 ἱ

1934 700 2200 709 ..n-m

344 811 473 897 qui
516 810 790 876 fuerant
838 822 1168 879 auctores
1214 812 1598 879 novitatum
1644 834 1727 879 ac
1775 812 2128 879 sacomani
2171 811 2441 892 Parme,
2492 813 2581 880 de
2627 812 2874 900 quibus
2935 835 3143 901 supra
3189 826 3450 882 tactum
3497 823 3623 893 est,
3684 813 3756 879 in
3802 815 4077 902 scriptis

345 930 421 983 et
467 920 619 1009 jure
665 918 907 984 medio
955 918 1194 986 retulit
1240 919 1368 985 hos
1428 918 1910 1005 infrascriptos
1958 918 2146 986 cives
2193 919 2407 986 fuisse
2454 931 2796 999 auctores,
2845 940 3105 1009 eosque
3170 921 3659 988 condemnavit
3720 941 3844 1007 per
3899 922 4075 1012 juris

338 1026 759 1092 sententiam
805 1025 885 1090 in
930 1025 1130 1091 libris
1176 1026 1639 1114 quadraginta
1684 1024 1992 1091 millibus
2037 1025 2494 1111 imperialium
2543 1026 2795 1094 dandis
2840 1027 3309 1114 infrascriptis
3355 1027 3628 1094 civibus
3671 1047 4074 1096 sacomana-

342 1132 439 1197 tis
503 1132 591 1198 de
635 1132 938 1219 squadra
984 1131 1239 1199 Rubea
1308 1152 1435 1219 pro
1506 1144 1815 1198 restauro
1884 1143 1954 1198 et
2023 1132 2520 1199 resarcimento
2589 1132 2927 1205 bonorum
2996 1145 3612 1201 sacomanatorum.
3705 1133 3851 1201 Sed
3913 1135 4075 1222 quia

244 1236 287 1301 5
342 1238 577 1303 visum
624 1238 762 1305 11111
806 1240 1130 1325 prefacte
1176 1239 1455 1305 domine
1500 1239 1799 1317 ducisse,
1847 1239 2036 1326 quod
2082 1248 2276 1305 tanta
2321 1260 2586 1304 summa
2629 1253 2809 1306 esset
2856 1240 3291 1326 consumptio
3338 1240 3640 1325 ipsorum
3688 1252 4071 1321 auctorum,

347 1346 586 1410 mitius
635 1365 868 1434 agenS,
916 1345 1296 1412 declaravit
1339 1346 1527 1431 ipsos
1571 1346 1841 1411 solvere
1888 1344 2141 1411 debere
2188 1346 2673 1413 tantummodo
2721 1346 2932 1413 libras
2989 1346 3242 1435 viginti
3302 1346 3493 1412 mille
3543 1359 3614 1414 et
3660 1347 3848 1433 quod
3894 1346 4072 1413 libre

343 1452 597 1517 decem
646 1452 832 1516 mille
879 1453 1044 1518 resti
1090 1451 1521 1518 solverentur
1565 1473 1651 1517 ex
1696 1451 1898 1519 bonis
1943 1449 2387 1518 bannitorum
2433 1473 2642 1539 supra
2689 1472 3189 1539 expressorum,
3237 1452 3372 1519 alie
3416 1473 3587 1518 vero
3621 1452 3792 1521 libre
3822 1453 4066 1519 decem

341 1558 534 1624 mille
584 1559 1017 1625 solverentur
1086 1578 1212 1644 per
1280 1558 1774 1625 comunitatem
1833 1559 2101 1625 Parme.
2196 1559 2284 1623 Hi
2333 1578 2501 1624 vero
2567 1559 2778 1626 taxati
2847 1571 2919 1626 et
2965 1560 3412 1626 condemnati
3471 1578 3627 1626 0001
3692 1559 4072 1646 quantitate

339 1678 508 1751 post
555 1685 1119 1752 unumquemque
1167 1687 1405 1733 eorum
1450 1678 1607 1733 sunt
1654 1665 1746 1743 hi,
1796 1665 2162 1732 videlicet:

202 1773 288 1837 10
525 1773 869 1837 Dominus
914 1772 1354 1838 Hieronimus
1399 1772 1775 1840 Bernerius
1821 1773 2038 1840 libras
2083 1786 2379 1860 quatuor
2422 1774 2632 1839 mille.
2722 1773 3058 1839 Dominus
3086 1772 3472 1862 Johannes'
3519 1773 3936 1841 Franciscus
3980 1772 4071 1839 de

339 1878 688 1946 Cantellis
733 1878 946 1944 libras
990 1879 1177 1945 mille
1225 1890 1645 1945 sexcentum.
1724 1879 2060 1947 Dominus
2104 1880 2509 1948 Ludovicus
2555 1881 2646 1948 de
2694 1878 2976 1946 Antinis
3004 1879 3222 1946 libras
3255 1881 3656 1948 ducentum.
3731 1879 4072 1947 Dominus

336 1985 577 2051 Lucas
626 1996 696 2049 et
744 1983 1171 2072 Augustinus
1239 1987 1329 2053 de
1398 1987 1458 2052 F
1461 1986 1708 2075 erarijs
1776 1986 1986 2053 libras
2053 1984 2241 2051 mille
2311 1997 2734 2053 sexcentum.
2825 1986 3174 2053 Antonius
3233 1987 3324 2052 de
3386 1986 3794 2075 Tayaferris
3858 1985 4072 2053 libras

336 2103 773 2158 sexcentum.
864 2092 1110 2158 Petrus
1178 2091 1266 2158 de
1336 2093 1534 2160 Bono
1595 2091 1807 2158 libras
1853 2103 2150 2181 quatuor
2220 2106 2521 2160 centurn.
2614 2094 3089 2162 Christoforus
3155 2093 3530 2161 Gotsaldus
3575 2091 3818 2160 libras'
3877 2092 4065 2158 mille

340 2198 756 2264 ducentum.
845 2199 1125 2264 Mateus
1194 2199 1284 2265 de
1314 2212 1321 2220 ·
1354 2198 1669 2265 Lallacta
1740 2197 1952 2265 libras
2021 2210 2444 2266 sexcentum.
2539 2199 2889 2267 Sertorius
2954 2200 3329 2267 Billiardus
3397 2199 3610 2266 libras
3666 2200 4064 2266 ducentum.

196 2301 277 2369 15
336 2306 601 2371 Comes
645 2304 1050 2371 Ludovicus
1096 2306 1185 2372 de
1233 2305 1562 2393 Vallerijs
1607 2305 1819 2372 libras
1865 2305 2054 2371 mille
2103 2318 2526 2373 sexcentum.
2619 2306 2891 2373 Illarius
2935 2306 3319 2394 Begarinus
3366 2305 3578 2372 libras
3639 2305 3812 2372 duas
3882 2306 4068 2373 mille

336 2422 652 2477 centum.
747 2411 1146 2478 (ἴοι-11301113
1190 2412 1492 2501 armiger
1537 2427 1607 2479 et
1652 2412 2097 2499 squadrerius
2127 2413 2392 2478 domini
2438 2412 2743 2480 Roberti
2791 2413 3005 2480 libras
3050 2414 3238 2480 mille
3275 2412 3674 2480 ducentum.
3763 2411 4069 2503 Jacobus

335 2518 429 2582 de
479 2518 714 2606 Troys
758 2517 968 2583 libras
1017 2519 1393 2586 ducentum
1440 2518 1923 2605 imperialium.
2016 2518 2370 2606 Johannes
2413 2518 2724 2606 Jacobus
2766 2518 3082 2586 Arzonus
3114 2518 3324 2585 libras
3353 2520 3540 2586 mille
3573 2531 3871 2605 quatuor
3900 2539 4065 2585 cen-

334 2638 507 2691 tum.
605 2625 883 2710 Gaspar
928 2625 1016 2690 de
1062 2624 1276 2691 Prato
1321 2624 1536 2691 libras
1581 2625 1980 2691 ducentum.
2073 2626 2313 2695 Donus
2356 2624 2772 2693 Laurentius
2819 2627 2908 2694 de
2954 2626 3144 2715 Buys
3197 2625 3406 2693 libras
3460 2626 3859 2692 ducentum.
3953 2626 4065 2692 Illi

336 2732 429 2798 de
478 2730 808 2817 Maserijs
870 2731 1082 2798 libras
1144 2733 1752 2818 quinquecentum.
1846 2732 2219 2799 Hereditas
2279 2731 2729 2799 Bartollamei
2793 2732 3144 2798 Manzolle
3192 2730 3405 2798 libras
3448 2744 3873 2799 sexcentum.
3969 2732 4064 2798 Hi

186 2842 281 2903 20
335 2852 579 2903 autem
629 2837 897 2926 denarij
951 2849 1019 2904 et
1067 2838 1179 2926 alij
1231 2838 1324 2904 ad
1369 2858 1701 2903 summam
1748 2850 1905 2904 taxe
1953 2840 2270 2926 predicte
2318 2839 2475 2906 dari
2522 2838 2874 2905 debebant
2916 2839 3383 2926 infrascriptis
3427 2839 3928 2918 condemnatis,
3964 2840 4065 2904 vi-

333 2945 602 3011 delicet
630 2965 762 3031 pro
794 2956 946 3011 rata
994 2945 1343 3031 descripta
1374 2958 1530 3031 post
1561 2966 2122 3033 unumquemque
2171 2967 2433 3026 eorum,
2469 2956 2539 3011 et
2569 2958 2646 3012 ut
2679 2947 2889 3024 infra,
2936 2946 3306 3013 videlicet:
3343 2945 3624 3012 domino
3655 2946 3856 3011 fratri
3886 2946 4062 3013 Rol-

340 3052 565 3116 lando
616 3052 706 3117 de
752 3050 1023 3117 Rubeis
1071 3053 1359 3118 ducatos
1405 3064 1932 3117 novemcentum
1979 3052 2421 3141 septuaginta
2469 3065 2652 3119 octo.
2744 3052 3043 3120 Domino
3074 3051 3309 3119 abbati
3344 3053 3432 3119 de
3465 3051 3741 3118 Rubeis
3770 3053 4066 3119 ducatos

345 3158 539 3223 mille
589 3159 759 3224 auri.
851 3159 1152 3224 Domino
1185 3157 1652 3225 Bartollameo
1687 3160 1777 3225 de
1812 3159 2265 3227 Calzavachis
2298 3160 2589 3225 ducatos
2619 3159 2808 3227 mille
2845 3171 3122 3226 centum
3153 3159 3556 3248 octuaginta
3585 3181 3819 3239 unum,
3854 3159 4063 3226 libras

340 3267 524 3331 duas
555 3278 629 3330 et
659 3265 895 3331 soldos
939 3284 1079 3331 sex.
1170 3263 1458 3330 Andree
1492 3265 1580 3331 de
1611 3265 1979 3331 Mazochis
2025 3265 2316 3332 ducatos
2362 3265 2550 3332 mille
2582 3266 3019 3354 septuaginta
3065 3276 3380 3353 quatuor,
3413 3263 3621 3331 libras
3652 3276 3796 3332 tres
3827 3265 4069 3332 01301-

186 3372 281 3435 25
344 3373 479 3437 dos
525 3372 961 3438 decemoctO.
1053 3372 1355 3438 Domino
1388 3369 1700 3437 Antonio
1734 3371 1824 3436 de
1855 3371 2103 3438 Bravis
2132 3371 2349 3438 libras
2380 3386 2917 3438 novemcentum
2943 3419 2961 3437 .
2992 3420 3010 3438 .
3033 3421 3050 3438 .
3079 3420 3096 3439 .
3144 3371 3332 3437 mille
3364 3382 3915 3458 septemcentum
3959 3372 4066 3437 vi-

334 3478 521 3566 ginti
569 3478 765 3545 duas,
856 3478 1161 3567 Johanni
1209 3477 1522 3565 Baptiste
1569 3478 2007 3545 Gai-imberto
2055 3476 2264 3545 libras
2308 3492 2450 3546 tres
2496 3478 2685 3545 mille
2732 3480 3038 3568 quinque
3087 3490 3366 3545 centum
3405 3477 3784 3567 nonaginta
3814 3497 4063 3546 novem

332 3600 405 3652 et
453 3586 697 3652 soldos
743 3586 1076 3652 sedecim.
1166 3584 1512 3673 Jacobino
1563 3586 1651 3652 de
1700 3585 1925 3675 Sgays
1956 3584 2166 3652 libras
2198 3599 2339 3652 tres
2368 3586 2561 3652 mille
2609 3599 2994 3654 trecentum
3044 3587 3399 3675 sexaginta
3429 3598 3694 3672 septem
3727 3598 3798 3654 et
3828 3586 4064 3652 soldos

333 3693 539 3759 duos.
634 3691 991 3759 Rollando
1040 3692 1129 3758 de
1174 3691 1445 3758 Rubeis
1474 3691 1686 3758 libras
1716 3704 2159 3761 octocentum
2188 3694 2490 3781 trigenta
2519 3705 2790 3779 septem
2821 3705 2890 3759 et
2922 3692 3159 3760 soldos
3191 3713 3464 3759 novem.
3557 3693 3855 3760 Domino
3886 3690 4059 3758 Am-

335 3798 583 3864 brosio
639 3799 731 3865 de
782 3798 1262 3887 Zandemarijs
1317 3796 1532 3863 libras
1576 3811 2100 3865 novemcentum
2151 3800 2394 3865 decem
2443 3819 2691 3866 novem
2749 3811 2818 3865 et
2872 3800 3106 3866 soldos
3152 3800 3417 3865 decem.
3510 3799 3931 3885 Gasparrino
3979 3800 4068 3866 de

189 3908 283 3970 30
338 3906 405 3970 13
455 3905 749 3971 Cavana
792 3905 1007 3972 libras
1061 3905 1251 3971 mille
1307 3917 1703 3972 sexcentum
1751 3906 2190 3996 septuaginta
2237 3926 2511 3986 novem,
2559 3906 2794 3972 soldos
2839 3906 3082 3972 decem
3129 3925 3374 3972 novem
3421 3915 3491 3972 et
3554 3906 3880 3972 denarios
3925 3925 4063 3972 sex.

334 4013 547 4079 Dono
572 4011 1041 4078 Bartollameo
1074 4012 1161 4077 de
1193 4012 1587 4080 Carissimis
1621 4012 1830 4078 libras
1863 4024 2438 4099 quatuorcentum
2470 4013 2913 4100 septuaginta
2944 4024 3239 4100 quatuor
3270 4025 3339 4078 et
3370 4012 3602 4080 soldos
3633 4012 4059 4100 quindecim.

334 4120 717 4186 Leonardo
751 4120 1048 4186 Gallano
1074 4118 1287 4185 libras
1322 4132 1596 4187 centum
1630 4120 2076 4208 septuaginta
2110 4120 2442 4208 quinque.
2490 4119 2699 4186 Petro
2735 4120 2989 4186 Pisano
3021 4119 3234 4187 libras
3265 4121 3694 4208 octuaginta.
3747 4119 4055 4209 Johanni

338 4225 661 4291 Antonio
697 4225 908 4292 Socio
953 4225 1171 4292 libras
1202 4228 1577 4293 ducentum
1612 4229 1938 4313 quinque.
2015 4227 2318 4293 Domino
2350 4227 2675 4293 Nicollao
2715 4227 3125 4294 Ravacaldo
3174 4224 3388 4293 libras
3416 4227 3675 4315 viginti
3701 4239 3859 4294 tres.
3920 4226 4064 4293 Do-

336 4333 527 4398 mine
561 4331 900 4399 Ellisabet
943 4331 1033 4397 de
1067 4329 1453 4398 Carissimis
1485 4333 1697 4399 libras
1728 4332 2282 4420 quinquaginta.'
2358 4334 2719 4399 Bernardo
2766 4332 3077 4400 Scufono
3127 4331 3339 4399 libras
3383 4332 3746 4422 sexaginta
3790 4351 4058 4399 novem.

198 4439 287 4504 35
338 4440 645 4504 Domino
675 4437 1077 4526 Pellegrino
1110 4440 1200 4506 de
1229 4439 1633 4526 Zenovesijs
1677 4439 2055 4528 sexaginta.
2148 4440 2771 4505 Reverendissimo
2805 4439 3088 4506 domino
3120 4439 3428 4527 Johanni
3460 4439 3551 4505 de
3583 4436 4063 4506 Arcimboldis

336 4544 692 4611 cardinali
738 4544 954 4610 libras
986 4544 1175 4610 mille
1207 4557 1607 4611 sexcentum
1640 4545 2042 4633 octuaginta
2073 4546 2401 4633 quinque.
2493 4546 2600 4611 De
2650 4566 2788 4631 qua
2822 4545 3106 4631 quidem
3139 4544 3525 4624 rellatione,
3562 4545 4059 4626 declaratione,

336 4651 930 4718 condemnatione
955 4662 1025 4717 et
1056 4652 1408 4718 taxatione
1440 4652 1747 4738 prefacti
1782 4651 2245 4731 condemnati,
2278 4652 2398 4740 qui
2435 4663 2631 4718 erant
2661 4651 3053 4718 Mediolani
3086 4652 3159 4717 in
3195 4651 3604 4731 confinibus,
3638 4651 4061 4738 permaxime

337 4757 719 4824 doluerunt
748 4770 817 4824 et
849 4780 921 4824 se
951 4770 1437 4846 gravaverunt,
1471 4758 1783 4825 dicentes
1827 4760 1981 4824 fore
2027 4759 2340 4825 indebite
2385 4760 2885 4825 condemnatos
2931 4770 3003 4824 et
3047 4758 3120 4823 in
3166 4759 3384 4824 nimia
3406 4779 3705 4836 summa;
3739 4769 3809 4825 et
3839 4758 4058 4844 petie-

338 4876 508 4930 runt
541 4866 777 4931 denuo
825 4865 1127 4931 revideri
1178 4877 1248 4931 et
1279 4864 1432 4931 vele
1464 4864 1761 4951 probare
1792 4884 1866 4931 se
1897 4883 2037 4930 non
2083 4865 2299 4931 fuisse
2346 4864 2728 4950 culpabiles
2758 4865 3114 4931 sacomani
3144 4864 3448 4951 predicti
3480 4877 3550 4932 et
3580 4876 4059 4932 sacomanatos

211 4973 292 5036 40
338 4993 484 5038 non
531 4970 923 5057 perdidisse
971 4982 1076 5037 tot
1121 4970 1327 5052 bona,
1361 4983 1528 5057 quot
1559 4972 1631 5037 in
1665 4972 1856 5037 dicta
1903 4973 2347 5037 continentur
2391 4971 2766 5039 taxatione.
2859 4971 3175 5058 Cumque
3220 4992 3331 5037 res
3375 4972 3508 5037 hec
3554 4982 4061 5058 proponeretur

335 5079 411 5142 in
471 5076 774 5143 consilio
828 5088 1065 5157 status,
1111 5099 1235 5164 per
1282 5078 1550 5164 aliquos
1596 5078 1684 5145 de
1734 5078 1884 5164 ipso
1934 5077 2228 5144 consilio
2277 5090 2348 5144 et
2393 5076 2690 5143 maxime
2738 5099 2866 5164 per
2913 5078 3268 5144 dominum
3310 5077 3700 5166 Johannem
3749 5078 3838 5143 de
3903 5077 4061 5159 Sci-

335 5185 581 5270 pion0,
646 5183 1013 5250 favebatur
1076 5184 1283 5251 dictis
1344 5185 1826 5251 condemnatis
1875 5195 1945 5250 et
1996 5186 2202 5250 etiam
2249 5185 2399 5270 ipse
2446 5184 2581 5249 fuit
2627 5205 2836 5250 causa
2881 5183 3268 5250 reducendi
3314 5183 3571 5250 dictam
3618 5182 4061 5262 taxationem,

333 5291 533 5378 quod
578 5311 712 5376 pro
760 5290 1049 5356 dimidia
1093 5300 1360 5356 tantum
1422 5290 1809 5358 solveretur
1853 5312 1895 5356 a
1941 5291 2444 5357 condemnatis
2538 5290 2854 5356 Tandem
2899 5301 3151 5357 vocato
3199 5290 3387 5357 dicto
3436 5290 3718 5356 domino
3782 5289 4063 5356 Branda

330 5418 574 5464 coram
622 5397 906 5462 domina
951 5396 1234 5463 ducissa
1266 5409 1336 5463 et
1366 5419 1496 5483 per
1527 5418 1677 5463 eam
1711 5396 2093 5476 intellecta,
2128 5397 2322 5484 quod
2348 5397 2651 5487 juridice
2685 5409 2917 5463 actum
2952 5408 3121 5477 erat,
3168 5397 3320 5483 ipsa
3366 5396 3750 5463 declaravit
3797 5396 4058 5462 dictam

215 5504 287 5568 45
331 5504 756 5570 sententiam
801 5516 870 5569 et
912 5503 1338 5570 taxationem
1402 5495 1552 5569 sine
1615 5502 1755 5570 alia
1814 5503 2156 5569 revisione
2224 5502 2483 5570 debere
2547 5503 2777 5569 sortiri
2824 5505 3171 5582 effectum,
3218 5525 3486 5570 memor
3529 5502 4063 5590 promissionum

328 5614 683 5677 factarum
730 5621 803 5676 et
848 5609 1236 5688 advertens,
1284 5611 1474 5697 quod
1521 5610 1593 5674 in
1641 5610 1931 5676 materia
1975 5629 2501 5677 sacomanorum
2560 5610 2966 5696 proceditur
3025 5610 3417 5690 summarie,
3484 5601 3553 5676 e‘t
3611 5609 3924 5696 spoliatis
3969 5609 4061 5675 de

329 5719 521 5785 facto
555 5717 658 5784 ita
693 5726 764 5782 et
799 5715 888 5781 de
922 5715 1114 5783 facto
1146 5717 1414 5782 restitui
1448 5713 1683 5782 debet.
1733 5713 1949 5792 Quod
1994 5716 2277 5802 quidem
2322 5716 2877 5782 molestissimum
2926 5715 3062 5782 fuit
3108 5716 3322 5781 dictis
3369 5714 3867 5782 condemnatis.

500 5827 694 5894 Lata
757 5824 952 5889 dicta
1010 5824 1355 5889 sententia
1415 5824 1823 5912 magnificus
1871 5823 2195 5889 dominus
2241 5823 2708 5891 Petrusmaria
2754 5821 3065 5904 RubeuS,
3129 5823 3247 5911 qui
3310 5834 3458 5890 erat
3517 5823 3588 5887 in
3650 5822 4059 5889 Mediolano

489 6068 546 6106 2.
573 6047 755 6122 juris]
774 6047 806 6099 ὲ
827 6048 1024 6099 dubbia
1042 6049 1432 6117 Iettura,sorse
1453 6049 1597 6112 elus3
1624 6049 1674 6098 il
1687 6049 1800 6100 cod.
1820 6050 1887 6099 ha
1906 6065 1976 6100 un
1995 6064 2140 6099 nesso
2163 6048 2550 6116 s'ndeoe‘frabile
2575 6075 2635 6085 —
2657 6059 2744 6113 25.
2766 6046 3088 6098 l’om‘sst'one
3109 6047 3138 6096 ὸ
3161 6049 3256 6097 nel
3271 6047 3386 6099 cod.
3403 6063 3561 6098 senza
3577 6062 3742 6114 seg-no
3767 6048 3828 6099 ds·
3850 6049 4060 6099 lacuna.

4275 2124 4377 2162 un..
4409 2111 4493 2156 270
