4895 7066
262 524 378 600 [A-
412 528 574 585 1⁴⁷⁷
616 530 997 602 settembre]
1444 521 1556 595 IN
1612 519 2139 595 PARTIBUS
2194 520 2836 595 LOMBARDIE
3912 520 4002 595 15

3511 672 3708 682 ..ou-...uanu-

258 784 586 855 Antonio
630 787 723 854 de
766 787 1210 877 Tayaferris‚
1260 786 1665 856 Guielmino
1710 785 1801 852 de
1845 785 2067 866 Colla,
2113 785 2356 853 comiti
2400 784 2764 854 Ludovico
2819 784 3135 865 Valerio,
3205 772 3657 872 Petropaullo
3705 787 3794 854 de
3840 787 4008 855 Ful-

256 894 527 973 chinis,
575 892 1025 962 christoforo
1094 894 1453 974 Gotsaldo‚
1523 894 1837 962 Sertorio
1905 892 2263 972 Billiardo,
2330 891 2528 959 Luce
2576 893 2666 960 de
2714 891 3039 984 Ferarijs,
3109 892 3350 960 Mateo
3413 892 3504 959 de
3559 890 3876 960 Lallacta
3939 906 4009 962 et

266 1000 556 1088 Jacobo
604 1001 695 1069 de
739 1000 979 1069 Plaza.
1074 1000 1216 1079 Qui
1263 1021 1502 1069 omnes
1546 998 1736 1066 illico
1782 998 2061 1067 iverunt
2103 998 2605 1079 Mediolanum,
2651 1019 2736 1066 ac
2785 999 2993 1066 etiam
3023 997 3236 1066 Petro
3282 1000 3370 1066 de
3416 998 3634 1067 Bono.
3724 1000 3831 1067 De
3865 1020 4005 1089 quo

257 1118 417 1173 tres
487 1108 791 1196 squadre
839 1120 913 1176 et
958 1108 1266 1198 consocij
1318 1125 1558 1174 eorum
1626 1106 1808 1173 male
1878 1105 2188 1173 contenti
2256 1118 2753 1173 remanserunt.
2845 1105 3102 1194 Eisque
3169 1104 3486 1173 omnibus
3550 1105 4003 1174 existentibus

166 1212 207 1279 5
261 1213 673 1281 Mediolani
719 1214 1078 1301 prefactus
1123 1214 1442 1281 dominus
1484 1212 1791 1302 Jacobus
1836 1212 2241 1280 Bonarellus
2286 1233 2441 1280 com
2491 1223 2770 1280 centum
2815 1211 3302 1298 provisionatis
3345 1231 3663 1280 reversus
3708 1224 3809 1279 est
3837 1212 4012 1279 Par-

257 1342 483 1388 mam.
576 1321 750 1389 Post
814 1323 1039 1409 ipsum
1108 1319 1485 1388 veniebant
1551 1319 1664 1408 alij
1731 1320 2085 1409 quinginti
2148 1319 2616 1406 provisionati,
2710 1318 3143 1407 Scripsitque
3213 1304 3565 1387 Sertorius
3631 1319 4007 1387 Billiardus

259 1448 456 1493 unus
521 1451 617 1496 ex
661 1429 933 1496 vocatis
977 1428 1457 1495 Mediolanum
1502 1426 1915 1516 quibusdam
1963 1426 2105 1494 suis
2165 1425 2568 1505 satelitibus,
2616 1425 2808 1514 quod
2869 1425 2985 1494 hic
3049 1425 3371 1493 dominus
3414 1427 3717 1516 Jacobus
3779 1427 4010 1495 Bona-

257 1534 494 1601 rellus
556 1534 1034 1603 revertebatur
1078 1534 1398 1600 Parmam
1447 1555 1605 1600 com
1651 1555 1905 1623 magna
1949 1533 2266 1620 peditum
2314 1532 2643 1600 comitiva
2702 1545 2774 1600 et
2835 1553 2989 1599 com
3035 1534 3268 1620 ampla
3329 1533 3814 1602 commissione
3875 1557 4002 1621 pu-

258 1640 530 1718 niendi
584 1642 932 1728 capistros
977 1653 1046 1708 et
1091 1642 1279 1729 quod
1326 1653 1476 1708 erat
1520 1641 1729 1707 homo
1774 1640 2024 1719 audent,
2069 1660 2155 1707 ac
2203 1639 2506 1706 crudelis
2551 1651 2620 1707 et
2664 1639 2938 1707 faceret
2983 1639 3237 1707 multos
3297 1639 3630 1726 appendi,
3692 1641 3797 1707 eis
3850 1663 4011 1727 per-

131 1750 208 1813 10
258 1750 586 1814 suadens
631 1749 723 1815 ad
785 1749 1256 1817 occidendum
1302 1749 1549 1835 ipsum,
1596 1748 1925 1836 quoniam
1973 1759 2216 1834 postea
2262 1747 2489 1813 nullus
2532 1748 2974 1833 reperiretur,
3022 1746 3143 1834 qui
3207 1748 3496 1815 auderet
3550 1748 3791 1815 venire
3839 1748 4008 1815 Par-

257 1876 459 1920 mam
522 1875 659 1943 pro
722 1856 1192 1923 commissario
1239 1866 1309 1921 et
1354 1877 1440 1922 ve
1490 1854 1611 1934 eis,
1675 1855 1731 1921 si
1792 1855 1888 1922 ad
1946 1856 2084 1920 hoc
2145 1874 2287 1920 non
2349 1852 2820 1940 providerent.
2913 1853 3480 1942 Ordinaruntque
3547 1855 3729 1921 intra
3796 1876 3869 1923 se
3932 1856 4007 1943 1ιί

264 1964 572 2049 capistri
620 1984 777 2031 com
823 1963 1285 2053 intelligentia
1329 1963 1576 2030 Lazari
1625 1963 1713 2029 de
1759 1961 2141 2040 Fulchinis,
2204 1959 2493 2051 Antonij
2544 1960 2631 2027 de
2678 1960 3009 2040 Vallaria,
3071 1960 3285 2053 Illarij
3334 1961 3666 2050 Begarini
3715 1975 3786 2030 et
3828 1962 4006 2030 mul-

258 2082 508 2138 torum
556 2072 874 2150 aliorum,
935 2071 1159 2158 ipsum
1225 2073 1578 2139 dominum
1640 2069 1983 2159 Jacobum
2029 2069 2105 2135 in
2150 2069 2380 2136 reditu
2424 2087 2548 2135 suo
2592 2079 2921 2136 mactare.
3011 2068 3188 2137 Cum
3251 2081 3480 2135 autem
3543 2070 3792 2137 Parme
3853 2071 4007 2150 fuit,

256 2178 720 2264 preconizari
762 2177 960 2256 lecit,
1007 2179 1197 2265 quod
1241 2176 1469 2244 nullus
1515 2198 1707 2242 arma
1750 2187 2084 2263 portaret,
2131 2176 2263 2243 itet
2309 2177 2402 2243 de
2447 2185 2680 2255 nocte,
2728 2195 2861 2242 nec
2910 2176 3212 2263 aliquem
3257 2175 3610 2243 forensem
3663 2176 3738 2243 in
3795 2177 4006 2244 domo

144 2280 223 2347 15
278 2295 573 2351 teneret
619 2283 748 2351 sub
790 2305 976 2370 pena
1019 2284 1394 2351 furcarum
1485 2285 1702 2350 Fama
1745 2294 1915 2362 erat,
1964 2283 2152 2370 quod
2218 2282 2410 2347 mille
2477 2281 2933 2369 provisionati
2977 2281 3371 2349 veniebant.
3464 2281 3725 2349 Omnes
3786 2283 4012 2350 territi

262 2402 459 2469 sunt,
508 2410 648 2456 nec
694 2389 846 2456 ausi
894 2391 1179 2457 fuerunt
1222 2390 1604 2458 novitatem
1651 2392 1915 2457 facere.
2006 2387 2227 2456 Arma
2273 2389 2591 2476 deposita
2634 2400 2812 2455 sunt.
2903 2389 2961 2456 F
2963 2409 3248 2456 orenses
3293 2390 3645 2457 civitatem
3709 2408 4009 2456 evacua-

260 2508 551 2563 verunt.
644 2496 751 2562 De
796 2509 1008 2565 nocte
1055 2498 1200 2563 sine
1248 2495 1503 2562 lumine
1548 2517 1689 2564 non
1732 2495 1982 2565 ibatur.
2074 2495 2208 2563 Hic
2256 2507 2538 2562 sanctus
2582 2495 2791 2561 homo
2839 2495 2913 2562 in
2958 2495 3209 2583 medijs
3252 2496 3503 2582 plateis
3550 2496 3640 2563 de
3675 2497 3790 2563 die
3821 2495 4010 2563 clara

262 2604 437 2689 capi
486 2602 637 2671 feci
701 2602 1235 2670 Bartollameum
1303 2603 1701 2670 Manzolum
1748 2601 1838 2668 de
1893 2603 2196 2691 squadra
2244 2601 2489 2669 Sancti
2552 2601 2833 2668 Vitallis
2895 2601 3315 2691 armigerum
3379 2602 3642 2669 domini
3705 2601 4004 2669 Roberti

268 2710 723 2776 deferentem
793 2708 1054 2776 faleras
1120 2710 1226 2775 sui
1298 2708 1456 2796 equi
1503 2709 1725 2795 pictas
1771 2708 1861 2775 ad
1906 2708 2222 2776 divisiam
2271 2707 2439 2775 dicti
2491 2707 2757 2775 domini
2801 2708 3102 2775 Roberti
3149 2726 3304 2774 com
3366 2728 3504 2774 uno
3551 2708 3878 2774 manzolo·
3932 2720 4002 2775 et

140 2819 222 2881 20
270 2815 501 2882 breve
547 2815 856 2902 desuper
901 2816 1181 2883 dicente
1253 2818 1284 2852 “
1312 2815 1618 2895 Quando
1647 2815 1810 2894 Dio,
1845 2838 1890 2883 o
1921 2814 1966 2879 ’1
1995 2814 2296 2882 Diavolo
2329 2815 2517 2894 vora,
2551 2826 2795 2903 questo
2826 2814 3169 2882 manzollo
3202 2833 3279 2881 se
3313 2814 3656 2904 desligara
3682 2836 3755 2897 „t
3802 2835 4005 2903 quem

270 2921 443 2988 duci
492 2922 673 2988 fecit
715 2921 789 2987 in
835 2921 1235 2990 carceribus
1282 2921 1579 2988 citadele
1628 2941 1831 2989 nove.
1921 2920 2085 2988 Alia
2131 2921 2246 2989 die
2294 2921 2458 3008 capi
2505 2932 2576 2988 et
2618 2920 2692 2986 in
2739 2920 2948 2987 dictis
2994 2918 3396 2988 carceribus
3441 2922 3609 3008 poni
3655 2922 3833 2989 fecit
3860 2918 4012 2985 An-

270 3027 553 3093 tonium
626 3029 716 3095 de
786 3027 1068 3094 Casulla
1133 3026 1221 3094 de
1292 3038 1491 3113 parte
1559 3027 2015 3107 Pallavicina,
2081 3047 2452 3115 sequacem
2500 3027 2764 3094 domini
2822 3026 3185 3116 Jeronimi,
3248 3028 3769 3114 campanarium
3817 3047 4009 3093 com-

274 3135 533 3213 munis,
582 3134 704 3222 qui
744 3145 1116 3201 sonaverat
1162 3155 1572 3221 campanam
1620 3136 1714 3203 ad
1766 3134 2150 3201 martellum
2222 3144 2293 3200 et
2358 3135 2608 3200 iterum
2675 3133 2865 3201 illam
2924 3154 3171 3201 sonare
3232 3134 3533 3202 volebat.
3621 3132 3733 3203 Ac
3796 3135 4004 3201 etiam

154 3296 161 3303 .
274 3238 670 3328 quendam'
738 3241 1073 3307 rusticum
1143 3243 1234 3309 de
1301 3241 1665 3321 Colliculo,
1731 3239 2087 3328 publicum
2138 3240 2472 3308 latronem
2533 3240 2621 3308 de
2667 3241 2972 3329 squadra
3018 3241 3437 3311 Sanvitallis.
3531 3242 3687 3308 Nec
3733 3261 3873 3307 non
3931 3252 4002 3307 et

145 3346 223 3411 25
268 3347 657 3435 Janucium
720 3347 809 3413 de
870 3346 1187 3414 Lallacta
1247 3347 1338 3413 de
1398 3360 1597 3433 parte
1658 3346 2122 3437 Corrigiensi,
2176 3368 2419 3415 omnes
2464 3358 2761 3435 quatuor
2823 3346 3006 3413 male
3051 3346 3214 3426 vite,
3276 3348 3705 3415 conditionis
3765 3359 3837 3415 et
3897 3348 4006 3413 fa-

272 3472 413 3530 me,
465 3454 589 3543 qui
636 3453 885 3519 curlati
930 3454 1213 3520 fuerunt
1259 3465 1329 3521 et
1377 3453 1680 3520 confessi
1727 3466 1885 3522 sunt
1931 3453 2250 3521 ordinem
2299 3454 2535 3520 datum
2584 3454 2673 3520 de
2719 3452 3115 3522 occidendo
3148 3453 3414 3523 dictum
3443 3455 4002 3543 gubernatorem.

274 3561 533 3626 Dictus
579 3581 749 3628 vero
798 3561 1281 3648 campanarius
1326 3560 1627 3628 debebat
1673 3573 2091 3628 sturmezare
2138 3583 2543 3648 campanam
2592 3573 2663 3627 et
2710 3560 2958 3628 iterum
3002 3575 3145 3629 tres
3190 3562 3489 3650 squadre
3531 3583 3723 3628 arma
3753 3583 4005 3649 capere

272 3681 343 3734 et
387 3668 752 3734 residuum
798 3668 1206 3735 Rubeorum
1255 3668 1682 3755 depopulare
1731 3680 1800 3735 et
1844 3670 2114 3757 fugare,
2161 3688 2248 3735 ac
2294 3688 2530 3735 eorum
2577 3668 2764 3736 bona
2807 3669 2992 3736 inter
3031 3681 3172 3736 tres
3216 3670 3555 3757 squadras
3600 3669 3944 3737 dividere.

455 3775 595 3842 Die
641 3795 810 3841 vero
856 3795 1041 3842 nono
1086 3776 1345 3843 mensis
1387 3776 1796 3864 septembris
1858 3776 2031 3843 dicti
2100 3777 2263 3842 anni
2338 3774 2503 3847 1477
2576 3777 2648 3842 in
2716 3796 2920 3843 mane
2987 3777 3421 3863 tempestive,
3470 3775 3642 3843 dicti
3713 3790 4011 3864 quatuor

156 3886 232 3949 30
278 3882 479 3969 capti
525 3894 603 3948 et
648 3883 1015 3962 carcerati,
1062 3895 1139 3950 ut
1181 3905 1412 3970 supra,
1462 3885 1742 3951 fuerunt
1787 3884 1875 3950 de
1918 3885 2248 3951 mandato
2297 3883 2475 3951 dicti
2523 3883 3004 3972 gubernatoris
3069 3883 3365 3970 appensi
3413 3903 3569 3950 com
3620 3884 3868 3971 laqueo
3914 3884 4008 3952 ad

272 3988 547 4076 gullam
595 3988 687 4054 ad
735 3987 1139 4055 collonellos
1184 3990 1446 4078 pallatij
1496 3990 1878 4057 communis
1924 3991 1996 4056 in
2041 3990 2442 4077 spectaculo
2491 3991 2816 4058 omnium.
2911 3987 3128 4066 Quod
3159 3990 3259 4056 sic
3291 4002 3556 4078 gestum
3586 3990 3715 4057 toti
3748 3990 4009 4077 populo

277 4107 545 4160 metum
595 4094 873 4161 induxit
919 4106 989 4162 et
1033 4096 1213 4161 adeo
1262 4097 1452 4184 quod
1499 4096 1786 4182 capistri
1832 4115 2076 4162 omnes
2122 4107 2191 4163 et
2234 4097 2311 4162 hi
2371 4097 2492 4184 qui
2539 4097 3041 4164 ordinaverant
3086 4095 3350 4163 dictum
3395 4107 3759 4163 tractatum
3804 4096 4007 4162 aufu-
4101 4109 4108 4122 ’

274 4211 536 4289 gerunt
585 4212 656 4266 et
700 4199 1057 4267 civitatem
1107 4215 1646 4282 evacuaverant,
1697 4217 1765 4269 et
1812 4202 2213 4269 extimatum
2262 4203 2416 4282 fuit,
2465 4201 2657 4291 quod
2701 4201 2963 4269 fuerint
3023 4201 3123 4269 sic
3182 4201 3441 4267 recessi
3499 4222 3790 4269 numero
3846 4203 4010 4268 mile

276 4318 347 4374 et
393 4307 660 4393 plures.
748 4307 957 4372 Tunc
1000 4307 1468 4396 gubernator,'
1512 4308 1605 4375 ad
1652 4330 1905 4397 equum
1950 4309 2264 4376 ascendit
2312 4329 2468 4376 com
2522 4309 2919 4401 ballistarijs
2963 4309 3471 4398 quinquaginta
3515 4309 3586 4374 in
3632 4330 3756 4375 sua
3787 4310 4008 4377 comi-

158 4415 231 4479 35
278 4413 424 4480 tiva
472 4424 544 4479 et
588 4425 815 4480 totam
850 4415 1201 4481 civitatem
1249 4415 1594 4484 discurrit.
1687 4416 1916 4483 Nemo
1966 4428 2067 4483 est
2111 4438 2316 4482 ausus
2360 4417 2628 4504 aliquid
2674 4416 2934 4483 dicere.
3027 4416 3134 4482 Ex
3180 4436 3319 4503 quo
3351 4436 3594 4482 omnes
3625 4414 3726 4481 illi
3756 4416 4019 4497 Rubei,

276 4522 401 4609 qui
449 4521 523 4585 in
570 4520 754 4586 villis
797 4532 866 4587 et
911 4520 1154 4587 castris
1199 4540 1356 4588 com
1404 4520 1605 4588 bonis
1650 4536 1719 4589 et
1764 4522 2026 4589 familia
2070 4544 2195 4589 sua
2238 4542 2311 4589 se
2359 4523 2779 4589 reduxerant
2824 4521 2914 4589 ob
2977 4534 3231 4588 metum
3277 4522 3482 4587 trium
3529 4521 4010 4609 squadrarum,

279 4627 611 4693 videntes
654 4626 983 4717 justitiam
1030 4628 1175 4693 fieri
1223 4639 1293 4694 et
1340 4627 1697 4715 improbos
1742 4629 1992 4715 puniri,
2039 4631 2112 4695 in
2157 4630 2508 4697 civitatem
2556 4628 2817 4696 reversi
2865 4640 3025 4696 sunt
3066 4627 3443 4716 jubilantes
3491 4640 3561 4695 et
3602 4628 3830 4695 Deum
3863 4628 4012 4695 lau-

279 4734 537 4799 dantes
585 4744 653 4799 et
702 4732 1082 4800 clamantes
1152 4733 1627 4802 “Benedictus
1674 4735 1794 4823 qui
1839 4736 2032 4801 venit
2078 4736 2150 4802 in
2200 4737 2476 4802 nomine
2521 4736 2831 4804 Domini.
2923 4735 3208 4802 Osanna
3252 4736 3325 4801 in
3374 4736 3685 4802 excelsis.
3713 4783 3742 4816 „

464 4839 733 4906 Eadem
793 4840 907 4906 die
966 4860 1153 4906 nona
1214 4841 1645 4928 septembriS,
1707 4865 1846 4929 qua
1905 4842 2040 4908 hec
2098 4854 2296 4933 gesta
2339 4855 2520 4923 sunt,
2568 4844 2640 4909 in
2702 4864 2858 4910 sero
2927 4843 3399 4929 aplicuerunt·
3438 4861 3526 4908 ex
3596 4841 4004 4909 Mediolano

166 4950 241 5012 40
284 4945 614 5012 Parmam
672 4946 789 5036 alij
853 4947 1218 5035 quingenti
1281 4949 1557 5034 pedites
1619 4948 2075 5035 provisionati
2140 4949 2323 5016 bene
2368 4950 2614 5016 armati
2663 4969 2819 5016 com
2868 4962 3148 5017 centum
3196 4948 3577 5034 schiopetis
3625 4960 3698 5015 et
3742 4941 4012 5014 ducen-

281 5055 368 5119 tis
416 5051 819 5140 ballistarijs
861 5054 1045 5121 ultra
1087 5056 1350 5141 primos
1395 5065 1466 5122 et
1515 5075 1669 5121 cum
1716 5055 2002 5122 fuerunt
2047 5056 2122 5121 in
2167 5056 2435 5142 plateis,
2483 5056 2592 5122 isti
2653 5056 3107 5146 schiopeterij
3174 5076 3416 5122 omnes
3477 5076 3632 5122 com
3694 5055 4015 5142 schiope-

280 5159 367 5226 tis
413 5157 861 5246 proiciebant
925 5173 995 5225 et
1064 5172 1296 5226 tantus
1365 5173 1516 5229 erat
1583 5161 1910 5248 strepitus
1957 5183 2216 5240 eorum,
2267 5163 2459 5250 quod
2527 5175 2674 5229 tota
2741 5163 2986 5228 civitas
3052 5161 3355 5248 pavebat
3402 5173 3474 5229 et
3517 5173 3658 5228 tres
3702 5160 4006 5248 squadre

280 5265 381 5329 nil
430 5264 628 5329 aliud
675 5265 1161 5351 expectabant,
1211 5288 1417 5354 quam
1466 5267 1737 5358 singulo
1786 5267 1903 5335 die
1952 5268 2257 5335 infinitos
2304 5290 2390 5333 ex
2435 5268 2540 5334 eis
2585 5268 2914 5355 suspendi
2961 5279 3248 5355 propter
3308 5289 3545 5336 eorum
3620 5267 3879 5336 delicta
3940 5279 4013 5334 et

279 5370 681 5449 commissa,
726 5382 803 5437 ut
846 5393 1057 5459 supra
1100 5385 1449 5440 narratum
1499 5386 1621 5440 est.
1713 5375 1805 5441 Et
1848 5376 1984 5441 hoc
2032 5376 2166 5442 fuit
2209 5375 2403 5442 aliud
2449 5375 2855 5442 miraculum
2903 5387 3192 5461 propter
3221 5374 3590 5463 sacrilegia
3620 5387 3692 5443 et
3721 5386 3827 5443 tot
3857 5393 4011 5441 sce-

166 5477 235 5543 45
279 5479 433 5544 Iera
463 5478 817 5543 sacomani
848 5478 1257 5545 Rubeorum
1291 5492 1363 5547 et
1396 5481 1823 5548 eclesiarum.
1897 5481 1972 5548 Si
2005 5482 2125 5569 qui
2157 5481 2513 5549 restabant
2544 5481 2854 5568 capistri,
2884 5482 2958 5547 in
2991 5492 3211 5548 totum
3243 5482 3343 5547 ire
3377 5481 3610 5548 locum
3646 5481 4010 5547 dederunt.

465 5585 643 5653 Cum
683 5585 1195 5672 ‚applicuissent
1238 5585 1561 5653 Parmam
1611 5587 1782 5655 dicti
1850 5589 2211 5677 quingenti
2256 5589 2734 5676 provisionati,
2782 5589 3146 5675 prefactus
3208 5588 3531 5655 dominus
3586 5589 4013 5676 gubernator

280 5694 459 5759 fecit
505 5713 637 5779 per
681 5713 924 5759 omnes
973 5693 1163 5760 cives
1212 5693 1302 5761 de
1351 5693 1661 5781 qualibet
1707 5696 2013 5783 squadra
2059 5695 2189 5762 sibi
2253 5696 2651 5784 consignari
2699 5707 2768 5762 et
2813 5696 3077 5781 portari
3140 5695 3210 5761 in
3256 5695 3541 5782 pallatio
3588 5717 3717 5763 suo
3780 5696 4013 5762 omnia

279 5820 523 5866 eorum
568 5820 783 5877 arma,
828 5797 1151 5887 linquens
1195 5799 1417 5866 solum
1463 5822 1670 5866 unam
1714 5800 2163 5891 glavarinam,
2229 5821 2352 5869 seu
2412 5815 2679 5888 spetum
2739 5821 2870 5888 pro
2926 5801 3201 5892 singulo
3261 5800 3565 5882 homine,
3629 5821 3764 5890 que
3824 5823 4016 5869 arma
4089 5795 4097 5806 ’

276 5905 525 5993 reponi
571 5904 745 5972 fecit
788 5906 865 5970 in
910 5904 1267 5995 fortilicijs
1315 5906 1618 5973 civitatis
1663 5907 1941 5973 nomine
1990 5908 2259 5976 ducalis
2306 5929 2604 5975 camere.

172 6011 241 6077 50
453 6010 881 6102 Magnificus
926 6011 1250 6078 dominus
1296 6013 1764 6079 Petrusmaria
1808 6015 2121 6093 RubeuS‚
2170 6015 2292 6103 qui
2337 6027 2628 6083 vocatus
2672 6015 2906 6082 fuerat
2951 6017 3041 6082 de
3087 6035 3322 6083 mense
3369 6017 3661 6105 augusti,
3692 6027 3770 6083 ut
3801 6035 4011 6103 supra

4212 4340 4312 4382 υι..
4342 4331 4423 4372 2⁶3

4167 5619 4206 5651 c.
4236 5619 4352 5660 αν
