4895 7066
525 3529 567 3565 C·
597 3524 711 3572 07?

441 4798 594 4849 Mun„
624 4799 708 4841 ³⁶2

850 443 950 536 92
2130 401 2608 536 CRCNICA
2666 444 3248 535 GESTORUM
3391 471 3496 542 [A.
3527 473 3693 528 1480
3732 467 4229 529 &semme-1481
4278 457 4621 544 qemaio]

1841 611 2747 623 mmmmm-um·
2751 611 2990 620 mmm-uo·-
2994 611 3002 620 ο
3006 610 3631 620 μισ-...οιοαοοοι--οοωουιοοκᾞιησ-...οσοη

3889 610 4051 619 ow...-

843 723 996 803 fuit,
1049 722 1167 790 ubi
1220 739 1474 812 magna
1523 733 1789 812 strages
1848 722 2199 790 hominum
2242 723 2592 812 utriusque
2635 722 2849 811 partis
2892 723 3025 790 fuit
3083 735 3155 791 et
3211 724 3328 792 vix
3370 723 3514 790 dux
3573 722 3866 791 obtinuit
3925 735 3996 790 et
4053 722 4126 788 in
4185 719 4618 791 castelleto

841 839 947 898 est
999 850 1335 898 reversus.
1427 828 1541 897 Ob
1607 827 1799 917 quod
1843 829 2179 897 Gattischi
2225 841 2298 897 et
2339 828 2610 896 Adurni
2652 830 2922 897 insimul
2953 829 3260 919 colligati
3290 851 3379 896 ex
3408 829 3683 897 civitate
3712 829 3892 917 pulsi
3922 841 4081 897 sunt
4126 848 4284 895 com
4333 846 4616 895 eorum

843 937 1108 1026 ingenti
1172 935 1459 1004 damno'
1490 948 1562 1004 et
1590 934 1962 1004 dedecore.
2051 937 2144 1003 Et
2187 936 2318 1003 fuit
2344 936 2417 1002 in
2447 936 2708 1024 populo
2751 937 3094 1004 inauditus
3123 937 3442 1023 planctus
3473 949 3543 1003 et
3571 936 3921 1003 ullullatus
3950 936 4334 1003 mullierum
4369 945 4459 1001 et
4496 931 4617 997 vi-

840 1064 1094 1125 rorum,
1141 1043 1234 1111 ob
1294 1056 1552 1111 tantam
1598 1043 1845 1111 cedem
1892 1055 1963 1111 et
2008 1043 2500 1131 expulsionem.
2591 1045 2672 1110 In
2717 1065 2855 1133 qua
2895 1044 3035 1111 risa
3079 1056 3151 1111 et
3194 1044 3532 1112 seditione
3580 1064 3788 1132 quam
3840 1043 4034 1111 multi
4080 1064 4169 1111 ex
4210 1040 4619 1110 amicanti-

840 1150 977 1220 bus
1023 1150 1303 1219 domino
1320 1189 1329 1196 ·
1348 1149 1649 1219 Obiecto
1694 1149 1783 1217 de
1828 1150 2061 1217 Flisco
2091 1150 2296 1237 positi
2340 1163 2498 1218 sunt
2543 1163 2615 1218 et
2660 1151 3071 1238 emancipati
3115 1151 3187 1217 in
3233 1150 3498 1240 galleis.
3539 1193 3542 1196 π
4721 1141 4762 1209 5

1025 1259 1245 1326 Facta
1290 1256 1423 1325 fuit
1463 1256 1537 1324 in
1579 1257 1716 1324 fine
1763 1257 1966 1324 huius
2026 1257 2190 1323 anni
2251 1256 2602 1346 colligatio
2662 1252 2841 1324 inter
2900 1279 3235 1326 summum
3295 1257 3693 1345 pontificem
3755 1269 3828 1325 et
3887 1278 4125 1347 regem
4184 1256 4617 1327 Ferdinan-

845 1364 1009 1431 dum
1058 1363 1150 1431 ob
1194 1364 1517 1431 Turchos
1557 1363 1633 1428 in
1674 1360 1950 1450 Apulea
1996 1363 2364 1431 existentes
2409 1364 2502 1429 ad
2547 1382 2786 1431 eorum
2833 1364 3325 1450 expulsionem,
3369 1363 3466 1431 ob
3511 1384 3718 1452 quam
3761 1364 4083 1451 pontifex
4113 1375 4390 1431 tenetur
4441 1379 4620 1427 ma-

844 1481 1176 1538 nutenere
1220 1469 1521 1559 propriis
1565 1469 1885 1555 expensis
1929 1468 2323 1558 quindecim
2368 1469 2633 1559 galleas
2676 1484 2971 1538 armatas
3016 1470 3089 1536 in
3131 1470 3385 1537 auxilio
3432 1471 3600 1538 dicti
3644 1471 3851 1560 regis.

1015 1578 1099 1645 In
1154 1579 1268 1645 die
1314 1577 1607 1645 Natallis
1633 1577 1913 1644 Domini
1956 1577 2156 1644 huius
2199 1577 2363 1643 anni
2405 1577 2891 1645 illustrissimus
2937 1578 3079 1644 dux
3120 1576 3527 1656 Mediolani,
3577 1578 3741 1645 licet
3768 1601 4042 1666 parvus,
4075 1577 4287 1645 exivit
4336 1596 4615 1644 arcem

854 1697 926 1752 et
966 1686 1155 1753 venit
1197 1684 1290 1752 ad
1339 1683 1675 1771 capellam
1720 1684 1890 1751 salle
1934 1683 2192 1763 viridis,
2236 1683 2354 1751 ubi
2397 1696 2600 1771 pater
2657 1684 2895 1752 missas
2942 1683 3281 1751 celebrari
3325 1683 3634 1752 faciebat
3679 1698 3752 1752 et
3793 1685 4021 1753 multis
4077 1684 4405 1752 adhibitis
4476 1704 4612 1750 se-
4676 1682 4765 1745 10

845 1809 1002 1857 cum
1049 1789 1435 1870 curialibus,
1479 1791 1717 1858 audita
1758 1790 2047 1858 solemni
2076 1790 2302 1871 missa,
2337 1791 2599 1858 creavit
2628 1790 2911 1857 militem
2941 1790 3292 1857 dominum
3335 1792 3394 1858 F
3394 1790 3681 1878 ilippum
3712 1791 3802 1859 de
3833 1791 4224 1882 Eustachijs
4256 1789 4614 1857 castella-

842 1920 1007 1966 num
1051 1899 1238 1966 dicte
1283 1897 1484 1976 arcis,
1526 1917 1617 1964 ac
1658 1897 1760 1963 illi
1806 1897 2091 1965 donavit
2131 1898 2627 1986 pulcherimam
2674 1898 2986 1965 turcham
3033 1897 3380 1986 quondam
3445 1897 3776 1987 genitoris
3820 1899 3944 1965 sui.
4034 1900 4209 1965 Item
4253 1899 4610 1966 Castrum

847 2026 1102 2073 novum
1131 2006 1322 2072 Buce
1367 2003 1599 2071 Adde.
1687 2004 2025 2093 Fecitque
2068 2001 2351 2071 militem
2411 2005 2757 2093 quendam
2805 2005 2895 2071 de
2940 2003 3380 2072 Ponzonibus
3426 2005 3518 2072 de
3562 2005 3930 2084 Cremona,
3978 2004 4402 2091 donavitque
4457 2002 4610 2068 do-

846 2113 1034 2179 mino
1078 2111 1504 2179 Pallavicino
1565 2110 1874 2179 divisiam
1930 2127 2129 2178 suam
2189 2110 2509 2178 ducalem
2571 2110 2971 2200 calligarum
3032 2109 3190 2178 albe
3239 2122 3310 2178 et
3353 2111 3665 2179 morelle.
3757 2109 3920 2189 Que
3967 2111 4197 2178 omnia
4240 2109 4608 2187 indicant,

847 2218 1232 2306 principem
1279 2236 1596 2285 crescere
1643 2228 1715 2285 et
1757 2218 2286 2307 magnanimum,
2335 2217 2498 2284 licet
2538 2238 2850 2305 parvum.
2895 2225 2898 2228 ’
3788 2250 3792 2253 >
4668 2212 4749 2279 15

1033 2324 1203 2392 Post
1249 2322 1831 2411 decapitationem
1878 2322 2139 2391 domini
2182 2323 2384 2391 Cichi
2417 2323 2682 2391 liberati
2714 2326 2994 2392 fuerunt
3039 2347 3083 2392 a
3113 2319 3509 2392 carceribus
3540 2324 3893 2413 Johannes
3923 2323 4126 2392 Cichi
4155 2324 4375 2390 frater
4409 2344 4600 2389 suus

858 2427 928 2499 et
971 2431 1287 2501 dominus
1330 2428 1674 2497 Antonius
1718 2430 1894 2498 alter
1925 2451 2013 2496 ex
2042 2429 2201 2520 filijs
2247 2429 2413 2497 dicti
2461 2430 2721 2496 domini
2765 2431 2968 2500 Cichi
3001 2443 3071 2498 et
3099 2431 3285 2498 missi
3314 2443 3472 2498 sunt
3503 2443 3696 2499 extra
3729 2430 4145 2497 territorium
4191 2429 4480 2496 ducalle
4517 2428 4604 2493 in

851 2537 1252 2606 confinibus.
1343 2537 1477 2606 Cui
1503 2536 1805 2626 Johanni
1833 2536 2141 2604 restitute
2174 2548 2332 2604 sunt
2362 2536 2508 2603 eius
2535 2538 3024 2623 possessiones.
3100 2537 3309 2605 Dicto
3339 2557 3507 2605 vero
3541 2537 3820 2604 domino
3850 2535 4158 2603 Antonio
4191 2534 4605 2624 consignati

851 2658 1010 2712 sunt
1053 2644 1361 2711 redditus
1408 2656 1751 2711 certorum
1798 2643 2257 2722 denariorum,
2303 2662 2479 2731 quos
2523 2643 2672 2730 ipse
2718 2643 3035 2711 dominus
3077 2644 3338 2714 Cichus
3367 2642 3671 2711 habebat
3698 2644 3946 2732 Janue.
4037 2642 4374 2709 Dominus
4405 2661 4602 2709 vero

846 2752 1202 2841 Johannes
1246 2748 1549 2838 Jacobus
1593 2750 1766 2817 alter
1797 2772 1885 2817 ex
1912 2749 2069 2837 filijs
2115 2749 2284 2816 dicti
2330 2750 2590 2816 domini
2634 2749 2835 2819 Cichi
2881 2751 3183 2818 rescidet
3210 2751 3283 2817 in
3312 2749 3722 2817 Allamanea
3754 2769 3908 2816 com
3943 2761 4244 2839 cognato
4287 2769 4444 2830 suo,
4497 2747 4604 2814 ad
4651 2747 4744 2813 20

850 2879 1056 2947 quem
1098 2856 1369 2946 aufugit
1414 2876 1568 2923 com
1612 2856 1841 2925 multis
1883 2857 2108 2924 aureis
2154 2868 2226 2924 et
2268 2855 2468 2924 bonis
2511 2857 2845 2944 preciosis
2891 2858 2963 2923 in
3011 2869 3297 2944 captura
3342 2857 3602 2925 domini
3647 2857 3871 2926 Cichi.

1037 2964 1195 3032 Hoc
1242 2982 1427 3031 anno
1466 2964 1635 3030 1480
1678 2963 1779 3029 illi
1823 2963 2012 3031 cives
2042 2964 2132 3030 de
2178 2962 2391 3031 tribus
2421 2964 2753 3052 squadris,
2785 2962 3032 3052 quibus
3063 2963 3404 3053 assignate
3436 2977 3594 3031 sunt
3616 2963 4007 3031 additiones
4037 2963 4419 3030 communis
4449 2980 4597 3050 pro

850 3070 1276 3158 restitutione
1320 3069 1588 3138 illarum
1632 3069 1958 3137 librarum
2005 3071 2520 3158 decemseptem
2563 3072 2847 3151 milium,
2880 3093 3050 3159 quas
3080 3071 3427 3139 solverant
3456 3070 3912 3139 sacomanatis
3943 3069 4035 3137 de
4080 3072 4380 3159 squadra
4425 3070 4599 3137 Ru·

855 3176 1014 3257 bea,
1045 3188 1425 3267 exegerunt
1468 3189 1540 3245 et
1580 3189 2045 3266 perceperunt
2088 3199 2178 3245 ex
2221 3177 2354 3246 illis
2395 3178 2470 3247 in
2514 3190 2730 3245 totum
2777 3177 2986 3246 libras
3016 3178 3414 3268 quindecim
3457 3178 3644 3245 mille
3669 3190 4068 3246 sexcentum
4097 3176 4591 3266 imperialium.

2575 3500 2854 3569 1481.
4637 3493 4723 3562 25

1030 3711 1164 3782 Die
1194 3727 1388 3782 sexto
1415 3712 1704 3807 januas-ij
1748 3716 1911 3783 1481
1949 3715 2265 3784 dominus
2293 3715 2542 3784 Petrus
2587 3715 2872 3783 Trottus
2901 3713 3413 3783 Alexandrinus
3455 3715 3706 3782 Parme
3756 3711 4277 3791 commissarius,
4308 3731 4589 3779 summo

854 3842 1059 3889 mane
1106 3842 1353 3910 capsus
1397 3820 1487 3889 ab
1535 3822 1744 3890 offitio
1790 3824 2094 3903 recessit,
2140 3823 2257 3911 qui
2305 3823 2554 3912 dignus
2618 3835 2724 3891 est
2767 3823 2859 3889 ad
2905 3822 3184 3888 limbum
3246 3822 3698 3900 descendere,
3747 3841 3904 3888 cum
3949 3819 4123 3886 nihil
4165 3818 4328 3885 mali
4355 3818 4586 3886 ·nilve

856 3926 1019 3994 boni
1078 3927 1318 4018 egerit,
1379 3929 1572 3996 cuius
1629 3930 2209 4017 proclamationes
2255 3941 2325 3997 et
2368 3931 2694 3998 mandata
2751 3930 3141 3997 nullatenus
3202 3912 3767 4008 observabantur,
3815 3925 4578 4016 cognominabaturque

858 4033 1002 4102 don
1045 4034 1361 4124 [Jacomo
1394 4036 1509 4122 de]
1542 4035 1686 4103 San
1731 4036 2064 4116 Gervaso,
2096 4037 2212 4124 qui
2244 4038 2472 4103 fuerat
2516 4036 2842 4104 sacerdos
2870 4037 3182 4103 medicus
3212 4035 3519 4103 eiusdem
3544 4083 3563 4103 .
3587 4082 3606 4102 .
3632 4079 3651 4103 .
3678 4083 3697 4102 .
3743 4055 4036 4124 gressus.
4129 4033 4313 4100 Nam
4341 4032 4588 4099 clausa

857 4140 1005 4208 eius
1047 4142 1308 4234 pallatij
1356 4143 1567 4233 janua
1609 4142 1681 4208 in
1725 4155 1933 4210 nocte
1994 4162 2450 4230 sepenumero
2509 4142 2702 4210 multi
2764 4143 3000 4210 lascivi
3063 4155 3135 4210 et
3191 4143 3374 4208 male
3436 4141 3801 4230 compositi
3852 4142 4144 4232 juvenes
4206 4138 4299 4206 ad
4354 4139 4584 4225 ipsam
4630 4136 4713 4202 30

851 4248 1134 4337 januam
1180 4262 1250 4317 et
1293 4249 1386 4316 ad
1428 4250 1771 4317 fenestras
1816 4248 2217 4337 [pulsantes]
2263 4250 2453 4316 illum
2481 4248 2829 4316 vocabant
2859 4251 3172 4317 dicentes
3227 4253 3259 4286 ‘⁴
3284 4249 3446 4317 Ven
3474 4268 3640 4316 zuso
3670 4249 3813 4315 don
3841 4249 4134 4338 Jacomo
4180 4268 4224 4313 a
4268 4245 4588 4331 [vedeJre

871 4352 903 4390 “
927 4367 1168 4443 questa
1209 4357 1444 4423 urrina
1467 4404 1529 4439 „.
1619 4356 1729 4424 De
1777 4377 1915 4445 quo
1959 4355 2252 4435 ridebat,
2296 4376 2432 4423 nec
2475 4356 2899 4443 punitionem
2944 4355 3269 4424 faciebat.

1034 4461 1304 4530 Octavo
1345 4462 1637 4554 januarij
1683 4463 1981 4550 predicti
2028 4462 2304 4530 ellatum
2351 4474 2456 4530 est
2500 4462 2819 4530 Parmam
2880 4463 3185 4529 cadaver
3248 4462 3595 4552 magnifici
3656 4461 3917 4529 domini
3962 4458 4195 4528 fratris
4240 4459 4584 4527 Rollandi

859 4566 1093 4635 Rubei
1135 4568 1367 4636 militis
1409 4569 1949 4659 Jerosolimitani
1992 4569 2225 4636 fratris
2268 4569 2616 4659 magnifici
2663 4569 2922 4636 domini
2966 4569 3371 4637 Petrimarie
3419 4570 3510 4636 de
3555 4568 3823 4637 Rubeis
3867 4566 4218 4648 naturalis,
4280 4566 4400 4655 qui
4444 4566 4586 4632 fuit

858 4686 1171 4742 strenuus
1212 4675 1434 4742 milles
1495 4688 1566 4743 et
1628 4689 1869 4743 contra
1929 4676 2250 4742 Turchos
2308 4697 2438 4762 pro
2503 4676 2641 4743 fide
2703 4676 3000 4744 catolica
3057 4676 3251 4743 Rodi
3310 4676 3480 4743 alias
3536 4698 3613 4743 se
3678 4675 3965 4743 viriliter
4023 4674 4268 4763 gessit3
4330 4672 4585 4739 deces-
4626 4667 4704 4737 35

859 4780 1081 4869 sitque
1110 4792 1393 4869 portans
1422 4780 1708 4850 barbam
1755 4795 1826 4850 et
1868 4794 2123 4850 stature
2155 4779 2499 4871 gigan'tee
2530 4782 2601 4848 in
2634 4794 2860 4849 castro
2893 4782 3170 4863 Nuceti,
3203 4782 3678 4870 sepultumque
3711 4782 3844 4848 fuit
3884 4782 3958 4846 in
4003 4779 4304 4847 ecclesia
4334 4778 4582 4846 Sancti

857 4885 1141 4977 Antonij
1192 4886 1266 4953 in
1311 4887 1681 4975 sepulchro
1726 4888 1950 4975 patrio
1999 4907 2155 4954 com
2199 4888 2497 4954 maximo
2544 4887 2987 4976 exequiarum
3033 4900 3368 4975 apparatu
3413 4901 3485 4955 et
3532 4908 3687 4956 com
3734 4887 3953 4954 omnis
3996 4886 4238 4974 populi
4285 4897 4359 4952 et
4405 4885 4584 4952 cleri

861 4992 1202 5073 comitiva,
1251 5014 1410 5060 cum
1455 5007 1636 5062 esset
1680 4993 2266 5082 septuagenarius.
2357 4994 2498 5061 Pro
2546 4992 2740 5061 cuius
2785 4994 3020 5060 anima
3061 4994 3289 5061 vestiti
3332 5006 3489 5062 sunt
3533 5015 3622 5061 ex
3665 4994 3886 5061 biseto
3919 4993 4376 5082 quadraginta
4404 4982 4584 5080 pau-⁶

860 5120 1088 5186 peres,
1132 5101 1464 5168 feretrum
1512 5113 1671 5169 ante
1718 5114 1987 5180 euntes3
2036 5113 2108 5168 et
2151 5101 2420 5190 singulo
2469 5101 2583 5168 die
2629 5121 2848 5189 usque
2893 5102 2988 5169 ad
3031 5100 3390 5189 septimam
3439 5101 3862 5169 celebratum
3908 5100 4041 5167 fuit
4087 5100 4159 5166 in
4207 5099 4395 5167 dicta
4459 5119 4582 5166 ec-

865 5206 1076 5274 clesia
1118 5229 1328 5273 unum
1372 5207 1677 5275 solemne
1727 5207 2007 5275 offitium
2065 5220 2487 5275 mortuorum
2503 5232 2523 5287 3
2574 5220 2645 5274 et
2691 5207 2804 5274 die
2851 5209 2953 5275 sui
2999 5207 3271 5295 septimi
3317 5210 3480 5276 data
3523 5220 3682 5276 sunt
3721 5226 3854 5295 pro
3900 5208 4049 5274 eius
4093 5207 4320 5273 anima
4365 5206 4582 5274 stan‘a
4624 5205 4700 5271 40

860 5325 1137 5380 centum
1182 5314 1348 5401 pani
1396 5312 1612 5394 cocti3
1661 5326 1734 5381 et
1774 5334 1904 5401 pro
1940 5313 2179 5415 ¹anima
2224 5314 2370 5381 eius
2412 5314 2485 5380 in
2532 5326 2750 5381 totum
2793 5327 2951 5381 sunt
2999 5313 3346 5381 celebrate
3375 5314 3579 5382 misse
3627 5314 4233 5403 quinquecentum.
4324 5311 4420 5381 Et
4448 5312 4577 5380 ha-

862 5416 1007 5486 bita
1049 5420 1181 5487 fuit
1224 5441 1355 5508 pro
1401 5441 1487 5489 eo
1534 5421 1754 5488 oratio
1801 5418 2114 5488 funebris
2156 5442 2283 5508 per
2329 5420 2679 5487 dominum
2723 5420 3100 5507 Baptistam
3148 5420 3561 5489 Ferrarium.

1033 5524 1169 5592 Die
1213 5527 1627 5614 duodecimo
1673 5527 1962 5619 januarij
2021 5528 2180 5594 1481
2234 5527 2565 5615 applicuit
2607 5526 2928 5593 Parmam
2972 5528 3378 5617 magnificus
3426 5529 3673 5595 doctor
3703 5528 4020 5596 dominus
4041 5527 4396 5616 Johannes
4425 5525 4580 5593 An-

864 5631 1069 5700 dreas
1110 5635 1488 5723 Cagnollus
1528 5633 2073 5702 Mediolanensis
2114 5654 2243 5722 pro
2289 5634 2538 5701 Parme
2586 5633 2842 5700 ducalli
2883 5632 3366 5723 gubernatore,
3412 5635 3786 5703 associatus
3830 5657 3874 5702 a
3914 5634 4412 5702 revendissimo
4447 5635 4575 5701 do·
4717 5708 4724 5717 ,

864 5738 1051 5808 mino
1092 5739 1451 5809 Parmensi
1496 5742 1831 5829 episcopo
1876 5754 1947 5810 et
1988 5740 2085 5809 ab
2125 5741 2277 5830 aliis
2320 5738 2722 5809 officialibus
2767 5751 2839 5808 et
2880 5739 3109 5809 multis
3152 5741 3418 5809 civibus
3460 5736 3730 5811 Parme.
4621 5738 4693 5809 45

1046 5943 1207 6001 29·31
1235 5947 1269 5984 e
1292 5946 1387 6000 pp.
1413 5947 1533 6001 agg.
1559 5933 1610 5984 Ie
1633 5934 1820 5984 lacum
1843 5933 2140 5998 dipendono
2164 5932 2239 5983 da
2262 5932 2494 5986 macchia
2516 5933 2608 5985 che
2624 5934 2715 5983 nel
2732 5930 2847 5984 cod.
2884 5932 3056 5983 hanno
3092 5946 3308 5986 corroso
3332 5935 3385 5985 il
3399 5940 3709 5998 caretum,-
3743 5937 3797 5987 Ie
3812 5937 4012 6002 parole
4045 5935 4304 5989 somme
4316 5940 4427 6000 ter
4451 5950 4573 5988 con·

863 6022 1088 6086 paura
1121 6031 1245 6069 sono
1281 6017 1451 6068 chius«
1484 6024 1578 6070 tra
1600 6019 1887 6085 parented
1919 6017 2120 6083 quadra
2158 6045 2224 6055 —
2262 6029 2445 6085 4²·43·
2483 6017 2560 6068 Et
2596 6016 2810 6069 habita.
2828 6051 2841 6068 .
2858 6050 2875 6068 .
2891 6052 2905 6067 .
2944 6016 3266 6069 Ferrarium
3292 6017 3324 6069 ἃ
3338 6020 3547 6085 ματα
3561 6022 3887 6087 posteriore.
