4895 7066
304 480 415 551 [Α.
456 482 617 538 14⁷9
654 476 1131 553 marzo-aprile]
1491 462 1602 542 IN
1657 462 2173 544 PARTIBUS
2227 468 2462 545 LOM
2472 463 2860 543 BARDIE
3694 455 3706 468 '
3923 460 4024 541 43

298 731 635 818 stampati
678 730 992 800 faciebat
1038 745 1355 801 monetas
1399 733 1628 813 falsas,
1675 754 1813 822 que
1860 732 1948 800 ab
1994 733 2310 801 omnibus
2353 732 2880 821 respuebantur,
2913 730 3182 819 sibique
3228 730 3599 799 videbatur
3643 729 3853 798 rebus
3883 730 4026 798 suis

295 837 485 903 male
530 838 1002 919 consuluisse3
1067 861 1228 906 nam
1285 840 1597 929 undique
1643 840 1736 907 ad
1782 840 1930 907 eius
1987 840 2381 927 oppositum
2452 838 2920 908 validissimus
2981 837 3486 925 prepmbamr
3547 838 3896 905 exercitus
3954 847 4028 905 et

290 944 754 1013 nihilominus
794 946 1031 1013 Rome
1075 947 1166 1015 de
1211 967 1389 1034 pace
1433 945 1880 1025 tractabatur,
1925 967 2062 1034 que
2106 946 2517 1032 sperabatur
2559 947 2962 1014 succedere.

481 1051 663 1119 Cum
708 1065 937 1121 autem
985 1054 1405 1141 quammulte
1450 1065 1693 1144 gentes
1735 1053 2222 1142 Frugonenses
2264 1072 2341 1119 se
2384 1052 2660 1120 insimul
2720 1053 3014 1133 unirent,
3053 1064 3138 1121 ut
3183 1064 3412 1121 castro
3459 1052 3669 1131 Ville,
3715 1052 3907 1140 quod
3951 1061 4027 1118 ut

202 1155 243 1221 5
293 1179 520 1244 supra
563 1159 1037 1240 obsidebatur,
1082 1173 1590 1239 succurrerent,
1635 1180 1726 1226 ne
1771 1160 1964 1228 aliud
2006 1159 2266 1228 bellum
2312 1160 2388 1225 in
2430 1159 2802 1227 Lunesana
2847 1171 2918 1227 et
2961 1158 3263 1247 Riparia
3313 1159 3630 1239 oriretur,
3677 1157 4022 1226 delibera-

288 1274 444 1329 tum
490 1265 656 1345 fuit,
706 1268 895 1354 quod
939 1267 1300 1353 prefactus
1345 1266 1665 1335 dominus
1712 1266 1946 1334 Guido
1992 1266 2083 1335 de
2127 1265 2397 1334 Rubeis
2441 1266 2532 1334 ab
2577 1266 2746 1334 inde
2778 1265 3055 1333 ducalia
3085 1278 3314 1333 castra
3357 1276 3745 1343 amoveret3
3778 1264 4021 1353 sicque

284 1371 510 1460 redijt
554 1373 651 1439 ad
699 1373 1087 1440 custodiam
1131 1371 1586 1441 Ponti-emuli.

478 1476 700 1546 Circa
744 1481 950 1547 finem
1008 1480 1249 1570 marcij
1316 1480 1487 1548 dicti
1532 1480 1698 1547 anni
1754 1479 1921 1550 1479
1966 1480 2326 1568 prefactus
2392 1480 2713 1547 dominus
2756 1480 3115 1549 Robertus
3173 1481 3424 1546 multas
3468 1479 3776 1547 curerias
3822 1477 4021 1557 fecit,

282 1585 508 1669 pauci
554 1599 794 1654 tamen
838 1586 1037 1667 lucri,
1084 1587 1154 1653 in
1199 1606 1369 1677 agro
1414 1586 1675 1654 Pisano
1709 1599 1776 1655 et
1806 1585 2232 1665 Pistoriensi,
2279 1587 2628 1675 capiendo
2675 1588 2890 1654 multa
2936 1586 3352 1655 bestiamina
3395 1585 3733 1654 silvestria
3777 1594 3848 1651 et
3894 1584 4021 1651 bu-

164 1692 240 1755 10
287 1692 501 1758 salos.
596 1690 722 1761 Ad
764 1694 1163 1780 oppositum
1208 1693 1407 1760 cuius
1451 1694 1735 1761 intravit
1779 1695 1855 1760 in
1900 1694 2077 1761 Pisis
2123 1694 2441 1762 dominus
2487 1693 2969 1783 Sigiamondus
3015 1693 3334 1761 Extensis
3392 1713 3536 1759 una
3577 1713 3735 1760 com
3781 1690 4015 1758 multis

281 1800 668 1887 armigeris
730 1800 1289 1869 Florentinorum
1355 1801 1567 1868 etiam
1629 1801 1723 1867 ad
1783 1800 2235 1882 obviandum,
2296 1820 2387 1868 ne
2430 1801 2582 1887 ipse
2632 1800 2952 1868 dominus
2996 1799 3353 1867 Robertus
3395 1799 3719 1868 transiret
3762 1799 4019 1866 flumen

285 1903 498 1977 Arni.
544 1928 762 1994 super
807 1928 945 1995 quo
990 1928 1286 1995 persepe
1329 1909 1695 1994 temptavit
1737 1919 2023 1997 pontem
2068 1909 2472 1988 hedificare,
2517 1920 2595 1975 ut
2639 1930 2711 1974 se
2755 1910 3079 1998 jungeret
3134 1929 3291 1976 com
3339 1908 3519 1975 duce
3566 1905 3887 1975 Calabrie
3948 1906 4021 1970 in

286 2012 619 2094 Senensi,
650 2035 861 2101 quem
905 2028 1190 2101 pontem
1222 2025 1627 2082 construere
1657 2033 1798 2081 non
1829 2014 2071 2095 valuit,
2103 2034 2317 2104 seque
2346 2015 2649 2082 firmavit
2693 2015 2785 2081 ad
2833 2014 3168 2082 Sanctum
3206 2014 3582 2102 Jullianum
3611 2014 3796 2080 intra
3825 2011 4022 2078 Pisas

38 2182 41 2213 ζ
285 2130 358 2184 et
402 2118 650 2187 Lucas
697 2143 827 2208 per
868 2122 1168 2188 miliaria
1212 2122 1541 2209 quinque,
1587 2122 1947 2189 confidens
1990 2122 2063 2188 in
2109 2121 2332 2210 galeis
2374 2122 2559 2211 regis
2603 2120 3030 2190 Ferdinandi
3076 2121 3222 2188 illic
3266 2141 3488 2209 prope
3535 2122 3610 2188 in
3655 2120 3828 2187 mari
3873 2119 4020 2186 exi-

38 2246 41 2323 ζ
166 2224 236 2288 15
285 2227 661 2295 stentibus.
752 2228 917 2296 Dati
960 2228 1142 2295 enim
1188 2240 1348 2295 sunt
1390 2229 1531 2297 hoc
1577 2240 1893 2315 tempore
1936 2228 2222 2296 domino
2283 2229 2671 2309 marchioni
2731 2228 3023 2295 Mantus
3064 2228 3254 2299 aurei
3300 2227 3743 2319 septuaginta
3800 2226 4018 2303 mille,

281 2346 359 2398 ut
408 2333 483 2400 in
530 2356 710 2423 agro
754 2335 1009 2403 Pisano
1056 2335 1331 2403 nomine
1380 2336 1652 2405 ducalis
1696 2346 1912 2403 status
1959 2356 2034 2402 se
2078 2336 2454 2404 transferat
2499 2355 2658 2403 com
2702 2335 3021 2403 helmetis
3066 2346 3642 2422 quatuorcentum
3699 2345 3770 2401 et
3813 2332 4019 2421 pedi-

284 2439 479 2506 tibus
526 2452 1004 2522 octocentum,
1050 2443 1140 2510 ad
1186 2464 1390 2531 quem
1435 2442 1685 2510 infiniti
1729 2443 2060 2532 armigeri
2105 2443 2632 2522 concurrebant,
2679 2442 2928 2531 quibus
2974 2441 3185 2510 dabat
3230 2444 3521 2511 ducatos
3550 2453 3828 2511 centum
3858 2439 4014 2507 auri

281 2566 417 2633 pro
462 2548 751 2638 singula
793 2550 1061 2617 lancea.
1152 2550 1695 2638 Conductusque
1758 2549 1972 2618 etiam
2032 2550 2166 2617 fuit
2210 2570 2341 2637 pro
2387 2550 2526 2617 alio
2573 2551 2945 2637 capitaneo
3004 2568 3135 2638 pro
3188 2559 3369 2617 statu
3415 2549 3651 2617 ducali
3699 2549 4021 2616 dominus

284 2654 660 2722 Guielmus
705 2659 1022 2725 marchio
1066 2656 1563 2724 Montisferati.
2040 2700 2047 2715 ·

155 2761 238 2824 20
466 2762 606 2829 Die
657 2764 903 2851 quinto
948 2763 1210 2850 aprillis
1263 2763 1430 2836 1479
1477 2765 1742 2832 factum
1786 2764 1926 2833 fuit
1969 2764 2328 2852 publicum
2373 2765 2734 2852 proclama
2778 2763 2908 2833 sub
2956 2784 3295 2852 campana
3343 2764 3573 2852 platee
3637 2763 4018 2831 communis

280 2867 569 2949 Parme,
614 2870 808 2957 quod
855 2892 942 2937 ex
988 2891 1127 2959 quo
1172 2871 1266 2956 hi,
1312 2871 1433 2960 qui
1477 2883 1675 2939 erant
1718 2873 1814 2940 ad
1856 2873 2137 2940 servitia
2180 2873 2378 2940 ducis
2427 2872 2650 2957 Barri,
2715 2871 2980 2940 domini
3038 2870 3385 2939 Ludovici
3447 2871 3727 2940 Sforcie
3773 2883 3844 2938 et
3888 2870 4014 2937 do-

281 2975 459 3041 mini
506 2975 812 3044 Roberti
863 2999 949 3044 ex
996 2978 1257 3046 Sancto
1302 2979 1666 3058 Severino,
1716 2981 1806 3047 de
1840 2978 2072 3047 ducali
2119 2980 2449 3059 dominio,
2482 3001 2623 3047 non
2656 2979 3034 3055 redierant,
3081 2991 3290 3066 prout
3317 2980 3392 3046 in
3437 2979 3795 3066 proclama
3824 2979 4016 3044 facta

281 3082 413 3148 sub
461 3084 585 3149 die
630 3084 858 3170 prima
925 3084 1162 3172 marcij
1225 3087 1392 3151 anni
1452 3087 1792 3172 presentis
1852 3087 2271 3154 continetur:
2336 3086 2845 3176 prorogabatur
2905 3084 3011 3153 eis
3070 3097 3342 3172 tempus
3399 3107 3617 3174 usque
3677 3085 3771 3152 ad
3831 3084 4014 3151 diem

285 3188 668 3257 Paschatis
711 3192 1214 3258 rexurectionis
1275 3193 1539 3260 domini
1600 3194 1817 3260 nostri
1859 3194 2029 3282 Jesu
2074 3194 2335 3261 Christi
2394 3195 2488 3261 ad
2546 3193 2976 3260 redeundum
3024 3203 3096 3260 et
3140 3193 3329 3282 quod
3374 3193 3602 3260 nullus
3646 3193 3737 3261 de
3791 3191 4012 3260 domi-

158 3294 237 3359 25
282 3297 403 3363 nio
451 3298 699 3364 ducali
745 3297 1063 3365 auderet'
1107 3301 1200 3367 ad
1248 3320 1370 3367 eos
1413 3302 1784 3379 accedere,
1831 3300 1945 3367 vel
1991 3321 2147 3369 com
2194 3300 2294 3368 eis
2353 3299 2691 3387 praticari
2737 3298 2864 3367 sub
2908 3319 3091 3386 pena
3133 3298 3515 3367 rebelionis
3560 3312 3631 3367 et
3675 3299 4012 3366 confisca-

282 3404 497 3470 tionis
528 3404 875 3472 bonorum
904 3426 1201 3485 suorum,
1233 3428 1447 3494 super
1475 3427 1613 3496 quo
1645 3406 2207 3474 committebatur
2237 3407 2567 3495 exequtio
2599 3406 3143 3495 quibuscumque
3190 3405 3555 3475 ducalibus
3584 3404 4014 3484 officialibus,

281 3508 356 3576 in
401 3510 732 3579 manibus
776 3531 1070 3600 quorum
1116 3513 1189 3579 hi
1232 3512 1716 3582 inobedientes
1759 3514 2230 3602 pervenirent,
2253 3532 2257 3538 ·
2280 3514 2582 3602 dataque
2630 3514 2861 3582 fuerat
2909 3513 3302 3582 commissio
3336 3525 3408 3581 et
3436 3533 3611 3580 onus
3652 3511 3839 3581 bona
3883 3511 4012 3579 tal·

284 3618 455 3684 lium
506 3620 753 3686 ducali
801 3640 1077 3688 camere
1122 3621 1529 3708 applicandi
1575 3622 1859 3689 domino
1902 3621 2239 3690 Michaeli
2286 3621 2378 3688 de
2420 3622 2790 3701 Cremona,
2839 3632 2912 3689 et
2979 3622 3262 3689 domino
3305 3619 3614 3690 Antonio
3682 3620 3773 3687 de
3816 3620 4011 3686 Mar-

289 3723 474 3792 liano
523 3744 615 3792 ex
660 3726 1023 3794 ducalibus
1081 3727 1424 3818 magistris
1485 3728 2068 3819 extraordinariis,
2116 3750 2201 3796 ac
2248 3727 2535 3797 domino
2581 3729 2884 3817 Johanni
2927 3726 3241 3795 Antonio
3287 3728 3377 3795 de
3441 3726 3859 3814 Sparavaria
3924 3749 4012 3794 ex

38 3879 41 3896 ,.
177 3830 251 3893 30
292 3830 579 3922 vicar-ijs
622 3833 1088 3920 generalibus.
1179 3834 1362 3901 Nam
1409 3835 1606 3901 multi
1655 3836 1746 3903 de
1792 3835 2072 3902 civitate
2117 3834 2389 3914 Parme,
2437 3836 2559 3922 qui
2606 3846 2805 3901 erant
2852 3857 3011 3903 cum
3046 3835 3328 3903 domino
3373 3834 3717 3914 Ruberto,
3763 3834 4003 3900 nolue-

289 3948 448 4004 runt
493 3939 763 4005 reverti
810 3951 883 4006 et
926 3941 1123 4008 multi
1167 3940 1259 4008 ad
1304 3942 1528 4028 ipsum
1574 3953 2043 4021 accesserunt,
2091 3941 2209 4030 qui
2255 3954 2455 4009 erant
2500 3944 2590 4009 de
2638 3941 2856 4009 tribus
2900 3942 3223 4030 squadris
3254 3941 3489 4009 eidem
3532 3938 4007 4009 amicantibus.

462 4044 742 4112 Eodem
789 4067 973 4114 anno
1028 4046 1193 4120 1479
1239 4048 1355 4115 die
1403 4061 1650 4136 quarto
1695 4048 1983 4135 aprinis,
2032 4069 2170 4136 quo
2215 4048 2812 4116 benedicebantur
2841 4047 3081 4116 Palme
3131 4060 3204 4115 et
3246 4048 3499 4128 Ollive,
3562 4047 4008 4115 existentibus

292 4151 521 4218 Rome
584 4152 976 4222 oratoribus
1018 4154 1451 4222 dominorum
1512 4165 1586 4223 et
1650 4155 2144 4223 comunitatum
2192 4154 2392 4223 Italie
2457 4175 2585 4242 pro
2647 4175 2825 4243 pace
2871 4155 3260 4236 tractanda,
3320 4176 3625 4222 summus
3666 4153 4007 4241 pontifex,

294 4260 407 4344 qui
454 4259 668 4325 huius
711 4280 924 4348 gnere
970 4262 1198 4329 fuerat
1243 4273 1488 4329 auctor
1533 4274 1605 4329 et
1650 4283 1879 4342 causa,
1926 4263 2176 4350 cuique
2219 4261 2310 4330 ab
2378 4260 2695 4329 omnibus
2760 4261 2951 4329 Italis
2994 4261 3486 4348 imputabatur,
3531 4260 3768 4328 vocari
3831 4260 4006 4327 fecit

189 4363 255 4428 35
296 4386 527 4431 coram
575 4388 653 4432 se
697 4368 923 4436 dictos
966 4378 1295 4449 oratores,
1346 4390 1432 4437 ac
1481 4369 1690 4436 etiam
1737 4379 2044 4437 oratores
2089 4370 2277 4457 regis
2306 4369 2611 4436 Francie
2641 4369 2711 4434 in
2747 4369 2887 4456 liga
2916 4380 3128 4436 status
3158 4366 3568 4436 Mediolani'
3600 4368 3996 4445 existentes,

298 4493 370 4537 ac
416 4485 642 4539 totum
695 4474 1064 4563 collegium
1112 4475 1589 4556 cardinalium,
1636 4476 1816 4542 inter
1877 4496 2049 4563 quos
2111 4486 2482 4543 tractatum
2545 4475 2682 4542 fuit
2726 4474 2818 4542 de
2862 4496 3036 4562 pace
3099 4476 3334 4543 fienda
3376 4477 3450 4542 in
3496 4486 3643 4543 tota
3686 4474 3890 4542 Italia
3935 4486 4007 4542 et

300 4599 533 4646 omnes
579 4581 975 4648 concordes
1017 4592 1516 4662 remanserunt,
1563 4583 1756 4671 quod
1814 4604 1954 4669 pax
2014 4583 2166 4670 ipsa
2227 4584 2446 4650 fieret.
2538 4582 2702 4649 Una
2762 4593 2992 4649 tamen
3055 4583 3340 4650 restavit
3383 4581 3531 4649 sola
3577 4580 4002 4649 differentia.

299 4687 471 4752 Nam
518 4708 645 4753 rex
689 4688 1175 4757 Ferdinandus
1218 4689 1501 4757 volebat
1545 4709 1792 4775 pacem
1853 4689 2071 4776 ipsam
2119 4699 2187 4756 et
2232 4688 2378 4756 eius
2438 4688 2747 4776 capitula
2809 4688 3136 4757 concludi
3182 4689 3257 4755 in
3301 4688 3623 4776 Neapoli,
3668 4688 3786 4774 alii
3831 4708 4001 4754 vero

300 4792 540 4860 Rome.
636 4793 970 4880 Speratur
1035 4808 1266 4863 tamen
1335 4795 1524 4882 quod
1581 4795 1725 4863 cito
1796 4797 2023 4862 omnia
2084 4796 2611 4874 concludentur,
2672 4795 2798 4861 sed
2857 4795 3106 4863 Rome.
3200 4795 3293 4862 Et
3359 4795 3450 4863 ob
3492 4795 3633 4862 hoc
3690 4794 4003 4861 marchio

198 4899 264 4961 40
300 4899 583 4966 Mantue
633 4911 705 4967 et
748 4901 1057 4968 marchio
1103 4901 1572 4969 Montisferati
1618 4900 1966 4988 capitanei
2026 4912 2244 4968 status
2288 4900 2699 4980 Mediolani,
2762 4901 3013 4989 quibus
3057 4920 3186 4987 pro
3232 4900 3381 4989 ipso
3425 4910 3609 4968 statu
3655 4899 4002 4967 numerati

301 5005 572 5072 fuerant
615 5007 810 5074 aurei
857 5009 1214 5096 sexaginta
1257 5008 1447 5076 mille
1493 5028 1623 5096 pro
1669 5008 1942 5097 singulo
1990 5028 2252 5088 eorum,
2298 5028 2438 5075 non
2483 5006 2822 5075 curabant
2867 5027 3026 5075 com
3072 5007 3435 5076 celeritate
3483 5007 3864 5096 armigeros
3907 5006 4000 5073 ad

303 5131 531 5178 eorum
579 5112 928 5199 stipendia
971 5115 1387 5183 conducere.

464 5219 598 5284 His
642 5220 1122 5306 pendentibus,
1169 5222 1486 5290 dominus
1530 5221 1673 5288 dux
1716 5223 1999 5290 Ferarie
2060 5223 2461 5309 capitaneus
2503 5223 2647 5310 lige
2690 5221 2971 5290 intravit
3014 5222 3087 5288 in
3133 5221 3313 5289 Pisis
3357 5242 3513 5289 com
3557 5220 3788 5289 multis
3829 5241 4000 5311 gen-

304 5324 474 5392 tibus
518 5325 614 5391 ad
658 5326 1044 5413 oppositum
1091 5328 1353 5394 domini
1397 5327 1698 5396 Roberti
1746 5327 1866 5396 de'
1912 5329 2175 5396 Sancto
2223 5330 2585 5409 Severino,
2633 5329 2750 5416 qui
2797 5329 2946 5395 fieri
2991 5330 3260 5396 fecerat
3301 5350 3509 5395 unam
3549 5327 3844 5395 bastiam
3904 5327 3997 5394 ad

206 5429 269 5494 45
304 5445 573 5518 pontem
623 5433 973 5520 lapideum
1015 5434 1425 5503 existentem
1473 5457 1680 5522 super
1741 5435 2020 5502 flumine
2084 5437 2356 5527 Serchij
2422 5436 2607 5503 intra
2665 5435 2989 5503 Filletum
3056 5447 3128 5504 et
3172 5436 3499 5503 Sanctam
3561 5435 4001 5525 Malgaritam

305 5558 510 5626 prope
553 5538 757 5606 Pisas
802 5562 937 5626 per
977 5543 1282 5629 quinque
1329 5541 1655 5620 miliaria3
1702 5563 1864 5608 nam
1908 5542 2186 5609 detecta
2230 5542 2364 5611 fuit
2408 5542 2709 5630 quedam
2751 5541 3059 5628 proditio
3091 5541 3170 5607 in
3196 5541 3373 5609 Pisis
3404 5553 3477 5610 et
3502 5542 3638 5608 hac
3671 5541 3762 5609 de
3792 5561 4003 5609 causa

309 5646 516 5713 dictus
560 5647 888 5713 dominus
930 5646 1286 5716 Robertus
1329 5649 1625 5716 maximo
1673 5668 1830 5716 com
1877 5649 2153 5716 sinistro
2195 5647 2420 5715 stabat
2465 5649 2539 5713 in
2584 5650 2748 5717 loco
2793 5648 3109 5734 predicto
3157 5667 3314 5715 com
3361 5647 3662 5715 maxima
3706 5647 4002 5735 penuria

304 5753 477 5838 panis
523 5767 601 5823 et
644 5753 835 5831 vini3
884 5763 955 5820 et
999 5754 1165 5822 licet
1209 5777 1252 5822 a
1295 5754 1729 5824 Lucensibus
1775 5754 2359 5836 concederentur,
2399 5754 2466 5821 ei
2510 5754 2844 5822 victualie
2893 5774 3032 5824 non
3093 5753 3541 5822 sufficiebant.
3631 5753 3746 5821 Ob
3792 5775 3997 5842 quam

305 5880 551 5930 causam
598 5859 999 5930 Florentini
1042 5860 1529 5931 deliberabant
1575 5873 1799 5930 castra
1856 5882 1982 5928 sua
2039 5880 2305 5948 ponere
2366 5859 2580 5929 dictis
2637 5861 3095 5942 Lucensibus‚
3142 5861 3243 5927 eis
3287 5859 3825 5942 inimicantibus,
3871 5860 3997 5931 sed

215 5962 272 6032 50
299 5990 446 6057 pace
486 5969 841 6059 predicta
887 5969 1305 6035 succedente
1351 5967 1588 6036 omnia
1630 5965 2087 6055 pacabuntur.

4177 1080 4221 1116 e·
4249 1081 4364 1121 667

4163 3330 4205 3361 C·
4235 3329 4352 3369 {⁴7

4144 5358 4185 5392 C.
4214 5355 4332 5398 65?
