4895 7066
974 453 1119 528 112
2262 457 2739 532 CRONICA
2795 456 3374 532 GESTORUM
4125 464 4230 536 [A.
4273 468 4436 521 1482
4475 461 4680 533 lugno]

974 720 1194 802 &etim
1241 720 1633 788 nolluerunt
1662 720 1952 808 amplius
1980 721 2235 788 reverti
2265 720 2623 802 Parmam:
2656 721 2971 789 timentes
3002 722 3333 809 captivari
3363 734 3434 789 et
3462 722 3535 787 in
3565 740 3735 810 agro
3765 720 4146 786 Mantoano
4176 715 4481 804 profecti
4503 726 4674 782 sunt.

962 826 1075 895 Ob
1119 827 1312 914 quod
1355 847 1594 894 eorum
1640 827 1827 894 bona
1871 840 2084 915 capta
2129 842 2285 895 sunt
2327 849 2458 916 pro
2506 827 2763 896 ducalli
2794 849 3071 895 camera
3102 841 3172 895 et
3201 827 3373 895 facti
3401 841 3559 896 sunt
3587 828 3866 895 exulles.
3958 826 4510 911 Mandatumque
4556 822 4683 888 fuit

973 932 1287 1000 omnibus
1331 933 1421 1001 de
1467 935 1767 1022 squadra
1809 934 2082 1013 Rubea‚
2130 936 2319 1022 quod
2365 935 2678 1024 quillibet
2735 937 2918 1002 infra
2976 948 3136 1004 octo
3200 936 3350 1003 dies
3393 947 3772 1002 revertatur
3831 933 3902 999 in
3962 934 4282 1000 Parmam
4347 942 4418 996 et
4460 929 4682 996 solvat

960 1040 1381 1107 taxationem
1428 1063 1640 1108 suam.
1734 1040 1881 1119 Qui
1930 1054 2157 1108 autem
2204 1062 2347 1109 non
2390 1055 2548 1109 sunt
2588 1042 2868 1123 reversi,
2914 1042 3245 1131 publicati
3288 1055 3445 1110 sunt
3486 1063 3614 1129 pro
3660 1039 4031 1107 rebellibus
4077 1051 4148 1105 et
4207 1038 4396 1105 bona
4439 1056 4681 1103 eorum

963 1161 1122 1215 sunt
1166 1147 1571 1234 dillapidata
1616 1159 1686 1216 et
1718 1167 1991 1215 camere
2025 1147 2279 1214 ducalli
2309 1148 2677 1236 applicata.
2769 1147 3004 1237 Aliqui
3036 1162 3266 1216 tamen
3299 1148 3501 1236 capti,
3537 1147 3809 1214 cohacti
3841 1159 3911 1213 et
3942 1144 4279 1212 carcerati
4310 1143 4678 1210 solverunt.
4762 1141 4792 1207 5

966 1252 1059 1320 Et
1102 1253 1328 1320 nullus
1372 1254 1502 1320 fuit
1548 1254 1637 1320 de
1684 1254 1833 1341 ipsa
1876 1255 2196 1342 squadra,
2241 1256 2360 1343 qui
2403 1276 2547 1322 non
2591 1268 2940 1344 pateretur
2972 1257 3296 1323 damnum
3343 1256 3415 1320 in
3459 1254 3657 1321 bonis
3701 1254 3857 1334 suis,
3903 1273 4039 1319 nec
4082 1250 4396 1318 redditus
4440 1269 4682 1315 eorum

961 1371 1283 1446 poterant
1328 1360 1679 1450 colligere,
1727 1363 1854 1429 sed
1898 1361 1986 1429 ab
2033 1361 2188 1454 alijs
2233 1361 2322 1428 de
2370 1362 2585 1430 tribus
2615 1363 2927 1451 squadris
2958 1362 3568 1451 dillapidabantur3
3602 1374 3673 1429 et
3705 1361 3892 1428 omni
3935 1373 4142 1427 nocte
4176 1358 4412 1445 aliqua
4436 1356 4685 1422 domus

962 1464 1368 1533 Rubeorum
1416 1466 1905 1544 derobabatur;
1941 1480 2011 1534 et
2039 1466 2261 1535 ibatur
2305 1488 2433 1560 per
2479 1469 2632 1536 illos
2682 1469 2771 1536 de
2819 1469 3032 1536 tribus
3076 1468 3388 1557 squadris
3433 1469 3524 1535 ad
3565 1468 3992 1535 mollendina
4021 1478 4094 1532 et
4124 1465 4390 1543 furnos,
4420 1461 4542 1528 ubi
4573 1461 4680 1527 fa-

960 1573 1147 1639 rinas
1177 1586 1533 1662 et0panem
1564 1587 1823 1641 tantum
1855 1574 2258 1642 Rubeorum
2292 1576 2748 1663 accipiebant.
2843 1577 2999 1644 Nec
3028 1578 3208 1644 ullus
3239 1598 3328 1642 ex
3356 1575 3624 1643 Rubeis
3655 1588 3806 1641 erat
3834 1596 4036 1641 ausus
4081 1590 4514 1658 comparere,
4548 1589 4681 1634 nec

961 1699 1210 1746 vocem
1255 1679 1673 1748 habebat.in
1725 1680 2032 1761 consilio,
2082 1702 2215 1748 nec
2260 1682 2331 1748 in
2376 1682 2746 1751 antianatu.
2837 1684 2929 1750 Et
2973 1696 3050 1749 ut
3093 1696 3403 1771 tempore
3464 1682 3846 1749 Pharaonis
3906 1681 4137 1771 Judei,
4199 1678 4303 1744 sic
4364 1698 4409 1741 a
4464 1675 4680 1742 tribus
4728 1677 4792 1741 10

962 1787 1278 1875 squadris
1322 1787 1759 1876 fugabantur.
1853 1788 2009 1855 Nec
2056 1787 2188 1855 illis
2214 1789 2499 1876 profuit,
2533 1790 2722 1878 quod
2752 1791 3011 1858 fuerint
3041 1803 3179 1857 tam
3211 1791 3416 1857 amici
3459 1791 3705 1857 domus
3751 1789 4204 1857 Sforciarum.
4296 1783 4442 1852 Sed
4473 1803 4684 1848 causa

961 1894 1132 1960 tanti
1177 1894 1340 1959 mali
1385 1895 1668 1961 fuerunt
1712 1894 2137 1973 Pallavicini‚
2200 1896 2458 1963 inimici
2504 1895 2593 1963 ab
2639 1896 2918 1985 antiquo
2979 1897 3279 1985 squadre
3338 1897 3614 1978 Rubee,
3676 1897 3795 1985 qui
3853 1893 4434 1984 gubernationem
4486 1889 4680 1956 ducis

961 2001 1159 2088 parvi
1202 2000 1574 2080 habebant,
1621 2013 1694 2068 et
1736 2000 2100 2068 videbatur
2154 2002 2252 2068 eis
2300 2002 2390 2070 ob
2437 2002 2868 2070 differentias
2914 2017 2986 2071 et
3027 2004 3209 2070 rixas
3251 2016 3523 2072 veteres
3580 2004 3759 2070 inter
3819 2023 3940 2069 eos
4001 2012 4073 2067 et
4118 1998 4436 2076 Rubeos,
4495 2016 4679 2062 nunc

961 2107 1337 2175 vindictam
1386 2108 1549 2175 licet
1591 2107 1907 2176 iniustam
1953 2129 2318 2193 summere,
2368 2110 2458 2176 de
2504 2109 2752 2198 quibus
2796 2110 3218 2198 profetarum
3264 2111 3398 2178 fuit
3444 2109 3857 2176 carminibus
3901 2109 4031 2187 his,
4076 2105 4443 2173 videlicet:

1851 2316 2282 2384 Pellavicina
2324 2318 2558 2383 domus
2600 2327 2812 2385 totum
2856 2313 3140 2406 confusa
3177 2325 3317 2407 per
3358 2317 3587 2384 orbem
4723 2311 4784 2377 15

1944 2422 2158 2490 Nunc
2199 2432 2357 2489 ruet
2400 2445 2484 2489 ex
2526 2424 2663 2490 alto
2707 2446 2837 2512 quo
2880 2427 3067 2490 sedet
3109 2426 3183 2491 in
3225 2424 3413 2490 solio.

1854 2526 2164 2614 Corruet,
2212 2529 2655 2618 atque-:cadet
2697 2539 2906 2597 totum
2951 2532 3273 2619 dispersa
3309 2537 3446 2619 per
3488 2529 3737 2616 orbem,

1938 2635 2172 2721 ,Quam
2218 2637 2358 2703 Leo
2400 2659 2577 2705 nunc
2619 2639 2858 2727 rapiet
2898 2639 3159 2705 viribus
3203 2639 3354 2727 ipse
3397 2638 3558 2704 suis.

1850 2744 2010 2811 Nec
2052 2744 2437 2811 Mediolani
2469 2753 2801 2835 poterunt
2842 2743 3291 2833 hanc‘Jcastra
3336 2746 3538 2829 tueri,

1933 2849 2127 2935 ,Quin
2166 2853 2493 2919 scelerum
2534 2859 2755 2941 penas
2798 2851 3066 2920 conluat
3108 2855 3266 2942 ipsa
3301 2874 3588 2941 graves·
4712 2847 4783 2910 20

1859 2956 2185 3024 Clamitat
2218 2961 2325 3024 ad
2364 2959 2602 3026 cellum
2651 2958 2851 3027 Cichi
2889 2982 3074 3027 mors
3119 2982 3271 3028 ecce
3314 2968 3615 3047 cruenta,

1952 3065 2258 3133 Vindicet
2300 3068 2453 3156 ipse
2496 3068 2706 3153 Deus,
2753 3069 3062 3135 clamitat
3102 3070 3198 3133 ad
3237 3068 3497 3135 cellum.

1848 3172 2017 3239 Heu
2058 3174 2188 3239 heu
2233 3174 2590 3261 crudelem,
2637 3198 2766 3263 que
2809 3185 2876 3241 te
2919 3178 3210 3242 vexania
3254 3175 3452 3241 duxit

1941 3282 2257 3349 Perdere
2301 3306 2453 3350 cum
2499 3293 2691 3349 tanta
2732 3282 3077 3372 religione
3120 3284 3390 3348 virum!
3461 3285 3470 3298 ‘
4555 3346 4567 3355 ,

1846 3388 2158 3455 Exilium
2194 3390 2473 3477 patitur
2513 3397 2651 3479 per
2696 3399 2764 3456 te
2806 3390 3148 3457 Robertus
3191 3398 3261 3456 et
3304 3391 3492 3456 omni
4708 3377 4775 3444 25

1941 3494 2155 3563 Nunc
2197 3520 2346 3564 cum
2388 3498 2591 3586 prole
2634 3519 2756 3564 sua
2802 3506 2980 3566 tecta
3023 3497 3247 3564 aliena
3290 3496 3470 3564 colit.

1847 3602 1953 3669 Et
1994 3604 2183 3669 ducis
2224 3606 2624 3694 anguigeri
2656 3606 2981 3693 genitrix
3016 3605 3346 3695 preclara
3388 3605 3628 3672 ruinas

1937 3710 2283 3799 Indignas
2324 3712 2602 3800 patitur
2641 3713 3034 3801 proditione
3077 3721 3219 3779 tua.

1845 3817 2024 3909 Ipsa
2068 3819 2309 3899 etenim
2353 3825 2625 3907 sceptro
2665 3826 2803 3908 per
2846 3829 2913 3885 te
2954 3826 3056 3885 est
3093 3819 3393 3908 spoliata
3437 3817 3710 3904 ducalli,

1934 3923 2261 3992 Dulcibus
2305 3935 2374 3992 et
2415 3928 2698 4013 genitis-
2729 3928 2827 3993 sic
2872 3934 3067 3993 caret
3106 3929 3263 4015 ipsa
3304 3928 3462 3993 suis.
4709 3915 4778 3980 30

1842 4033 1998 4100 Nec
2042 4034 2261 4098 minus
2306 4033 2559 4099 excelso
2603 4042 2678 4098 tu
2722 4034 2941 4100 Petro
2986 4056 3270 4121 namque
3301 4032 3576 4118 'Marie,

1932 4137 2148 4223 ..Quod
2186 4150 2349 4206 ruat
2390 4141 2701 4227 indigne,
2747 4140 2980 4228 prelia
3022 4162 3290 4227 magna
3313 4137 3534 4228 saciS.

1847 4244 2135 4311 Advena
2179 4248 2302 4333 qui
2340 4256 2527 4312 tanto
2565 4244 2920 4335 potiretur
2961 4244 3022 4313 S
3001 4244 3249 4336 forcia
3291 4252 3587 4334 sceptro,

1929 4352 2086 4437 ,Qui
2107 4351 2270 4442 suit
2308 4354 2696 4441 hospitium,
2737 4360 2986 4442 portus
3031 4363 3101 4420 et
3144 4376 3321 4420 aura
3365 4354 3516 4420 sibi.

1847 4458 1993 4526 His
2037 4461 2279 4525 etenim
2324 4462 2532 4526 tantis
2573 4463 2854 4526 necdum
2898 4461 3156 4526 satiata
3199 4461 3513 4548 requiris
3757 4450 3766 4457 ’
4697 4446 4762 4514 35

1934 4566 2064 4631 Ma
2062 4567 2354 4652 gnificos
2395 4567 2664 4632 Rubeos
2703 4566 2969 4655 pellere
3012 4569 3166 4635 sede
3209 4590 3350 4652 sua,

1848 4671 2044 4756 ..Quos
2087 4674 2418 4758 quondam
2465 4672 2751 4740 illustris
2793 4673 3208 4740 Franciscus
3250 4671 3311 4740 S
3284 4671 3535 4762 forcia
3572 4673 3904 4761 princeps

1934 4776 2232 4844 Dillexit
2273 4786 2555 4863 tantum,
2602 4781 2726 4845 sed
2757 4780 3106 4869 probitate
3149 4803 3292 4846 sua.

1845 4884 2013 4951 Huc
2057 4885 2186 4951 huc
2228 4894 2420 4951 verte
2462 4886 2697 4972 oculos,
2744 4908 3001 4974 magno
3044 4887 3390 4952 summitte
3430 4887 3664 4972 Leoni,

1927 4990 2093 5076 ..Que
2137 5000 2258 5057 tua
2298 4992 2398 5057 sic
2441 4992 2621 5058 tollis
2664 4993 2852 5080 colla,
2876 5066 2896 5079 ⁴
2916 4995 3290 5081 premenda
3333 4993 3482 5059 sibi.
4305 4979 4309 4984 ’
4696 4976 4764 5041 4⁰

1848 5098 2038 5165 Fata
2080 5099 2341 5164 volunt.
2386 5097 2579 5164 Deus
2623 5101 2773 5188 ipse
2794 5100 3017 5185 jubet.
3064 5098 3183 5167 Sic
3225 5101 3471 5187 sydera
3514 5098 3865 5164 mandant.

1931 5205 2268 5292 ,Quodque
2310 5205 2609 5293 superba
2654 5208 2859 5272 cadat
2901 5219 2969 5275 et
3008 5215 3174 5273 ruat
3214 5208 3351 5273 ista
3394 5207 3644 5272 domuS.

1137 5422 1430 5488 Decimo
1474 5422 1643 5514 jullij
1710 5423 1783 5488 in
1843 5435 2049 5489 nocte
2095 5436 2336 5511 gentes
2396 5424 2734 5512 armigere
2799 5426 3147 5513 magnifici
3205 5427 3465 5494 domini
3523 5423 3923 5492 Petrimarie
3968 5423 4060 5489 de
4105 5419 4383 5489 Rubeis
4445 5436 4667 5485 acces-

965 5541 1201 5594 serunt
1245 5550 1464 5616 prope
1514 5530 1855 5595 civitatem
1900 5529 2145 5596 Parme
2192 5543 2331 5597 tam
2375 5530 2684 5609 inferius,
2731 5552 2938 5619 quam
2984 5534 3295 5619 superius
3341 5546 3412 5601 et
3458 5544 3793 5622 quotquot
3823 5529 4249 5596 mollendina
4277 5526 4376 5592 ibi
4405 5536 4670 5611 reperta

964 5645 1141 5711 sunt,
1187 5647 1517 5719 ruperunt
1561 5646 1631 5699 et
1672 5647 2042 5711 vastarunt,
2094 5637 2604 5723 cavaionosque
2637 5640 2968 5705 frumenti
3001 5638 3069 5704 in
3102 5640 3464 5707 curtilibus
3508 5637 4011 5726 possessionum
4059 5634 4310 5701 civium
4344 5633 4439 5697 de
4473 5629 4668 5697 tribus
4705 5617 4767 5687 45

960 5738 1276 5824 squadris
1320 5739 1682 5807 existentes
1726 5740 1887 5827 igne
1934 5754 2338 5807 cremarunt.
2432 5741 2648 5820 Quod
2696 5744 2882 5811 cives
2927 5766 3013 5811 ea
3055 5758 3262 5813 nocte
3293 5746 3661 5812 sentientes
3702 5744 3969 5831 pulsato
4016 5740 4279 5810 Baiono
4326 5737 4422 5803 ad
4454 5755 4636 5803 arma

961 5855 1440 5928 proruperunt,
1485 5845 1609 5910 sed
1655 5845 1796 5910 ausi
1858 5866 2001 5911 non
2043 5859 2200 5913 sunt
2249 5847 2434 5913 exire
2499 5848 2867 5930 civitatem,
2914 5871 3001 5916 ne
3050 5873 3091 5916 a
3136 5852 3337 5918 dictis
3397 5850 3747 5938 armigeris
3794 5858 4222 5934 caperentur,
4269 5844 4570 5910 maxime
4613 5864 4650 5907 a

960 5946 1227 6017 civibus
1270 5948 1538 6023 Rubeis
1566 5950 1903 6027 exullibus
1934 5952 2025 6018 ad
2052 5952 2395 6041 stipendia
2421 5953 2828 6025 Rubeorum
2874 5957 3333 6040 militantibus,
3380 5958 3498 6056 qui
3527 5970 3720 6024 erant
3748 5972 4034 6022 numero
4079 5951 4448 6043 plusquam
4497 5971 4653 6039 qua-
