4895 7066
885 485 984 559 66
2171 482 2652 557 CRONICA
2708 481 3288 555 GESTORUM
3693 489 3796 562 [A.
3836 494 4000 548 1480
4038 486 4591 559 remmio-marzo]

895 629 3882 645 menon-uu·-u.---..··...au-nov..mantuan-...novo›un-<auno-n0·nou-oon.--·0··=·-···.----uu--o-uomouonn”awannam-«nounuummooun-»-nav-...nun...mu-u..·.·m·---0m..o0unu-...um---w--um-m-
3888 629 4279 639 ..n—mm

934 651 965 661 ιι
992 654 1017 661 ..-
1028 653 1141 661 ..αι-ὴ
1149 655 1161 661 -
1228 655 1243 660 a
1256 656 1263 660 .
1346 654 1357 660 -
1382 654 1393 660 -
1698 654 1702 658 l
1818 654 1827 657 a

877 753 981 820 ire
1027 776 1158 841 per
1200 753 1573 834 civitatem,
1620 773 1752 820 nec
1799 752 2101 841 aliquam
2148 753 2386 821 facere
2430 752 2937 821 executionem.
3026 749 3323 838 Fuitque
3352 750 3429 815 in
3459 749 3627 817 villa
3658 751 3749 819 de
3795 748 4134 817 Henzolla
4165 750 4604 816 destructum

881 861 1386 928 mollendinum
1429 860 1835 928 hereditatis
1880 860 2143 947 Filippi
2203 862 2291 927 de
2339 860 2682 927 Henzolla
2725 858 2954 948 legate
3002 856 3532 925 consortialibus
3590 856 3886 924 ecclesie
3938 856 4218 923 maioris
4263 856 4608 923 Parmen-

885 965 1001 1043 sis,
1048 986 1361 1055 proquo
1408 967 1595 1034 litem
1642 965 1996 1033 habebant
2055 986 2211 1033 com
2272 966 2556 1032 infirmis
2619 965 2863 1033 Sancti
2919 964 3171 1031 Lazari
3224 962 3802 1050 pretendentibus
3859 963 4081 1050 ipsam
4141 962 4607 1029 hereditatem

878 1070 1013 1138 sibi
1058 1085 1394 1159 spectare,
1439 1096 1596 1141 cum
1641 1073 1846 1140 dictis
1906 1072 2223 1160 Filippus
2283 1073 2661 1140 decesserit
2720 1073 3089 1139 lazarosus.
3180 1071 3315 1139 Cui
3377 1070 3836 1139 destructioni
3896 1070 4367 1137 interf-uerunt
4415 1068 4608 1134 forte

880 1178 970 1244 lx.
1031 1199 1327 1265 persone
1388 1181 1652 1246 larvate
1715 1200 1872 1246 cum
1921 1181 2149 1259 armis,
2196 1201 2285 1246 ne
2332 1179 2937 1269 dignoscerentur,
2984 1177 3076 1244 de
3122 1194 3260 1267 quo
3306 1177 3496 1244 nulla
3542 1189 3646 1244 est
3690 1178 3885 1243 facta
3926 1176 4214 1263 punitio.
4697 1171 4744 1239 5

1055 1285 1293 1354 Primo
1325 1287 1565 1377 marcij
1608 1287 1777 1353 1480
1822 1288 1898 1353 in
1941 1286 2349 1353 executione
2383 1285 2732 1353 ducalium
2764 1284 3152 1351 litterarum
3181 1283 3348 1375 jussi
3379 1296 3536 1351 sunt
3564 1283 3666 1350 ire
3697 1283 4178 1351 Mediolanum
4223 1282 4608 1350 duodecim

878 1390 1171 1479 juvenes
1214 1392 1460 1459 lascivi
1507 1404 1578 1460 et
1624 1393 1982 1460 dissolucti
2026 1392 2116 1460 de
2164 1392 2379 1459 tribus
2424 1391 2763 1480 squadris,
2810 1402 3023 1458 totam
3071 1390 3426 1458 civitatem
3491 1391 3609 1457 die
3668 1410 3753 1457 ac
3815 1401 4023 1458 nocte
4084 1387 4606 1467 infestantibus,

892 1497 1145 1587 quibus
1187 1499 1562 1565 ascribitur
1607 1499 1812 1586 culpa
1857 1500 2196 1566 furtorom
2243 1498 2739 1585 predictorum.

1055 1605 1525 1672 Recesserunt
1570 1619 1779 1694 atque
1823 1629 1865 1673 a
1909 1605 2163 1672 Parma
2207 1618 2503 1694 quatuor
2542 1605 2834 1694 juvenes
2877 1605 3075 1671 lasivi
3136 1604 3226 1671 de
3273 1604 3493 1671 tribus
3538 1606 3878 1693 squadris,
3924 1605 4043 1692 qui
4108 1604 4442 1672 dicuntur
4505 1604 4615 1667 in-

884 1712 1247 1781 terfecisse
1294 1712 1580 1779 militem
1627 1713 2011 1800 potestatis,
2059 1714 2178 1802 qui
2222 1724 2381 1779 sunt
2424 1713 2521 1793 hi,
2566 1712 2931 1781 videlicet:
2975 1712 3453 1780 Bernardinus
3496 1712 3588 1780 de
3629 1711 3953 1792 Manfriffi
4002 1712 4287 1791 Contus,
4333 1710 4615 1778 Parmi-
4668 1711 4757 1775 lo

883 1841 1089 1886 sanus
1135 1831 1205 1886 et
1249 1819 1495 1886 Petrus
1539 1820 1627 1886 de
1673 1822 1931 1887 Furno.
2024 1819 2468 1908 Scripserunt
2527 1821 2767 1908 itaque
2824 1818 3263 1887 illustrissimi
3322 1818 3587 1886 domini
3646 1820 3885 1898 nostri,
3948 1818 4140 1908 quod
4181 1818 4615 1906 procedatur

886 1938 1133 1994 contra
1174 1926 1562 1994 homicidas
1607 1927 1780 1994 dicti
1824 1926 2064 1993 militis
2107 1939 2433 2016 tanquam
2479 1927 2554 1992 in
2603 1927 2894 1994 crimine
2940 1928 3095 1994 lexe
3140 1926 3537 2007 maiestatis,
3571 1927 3691 2015 qui
3736 1938 4033 2014 quatuor
4074 1947 4213 1992 una
4255 1945 4410 1993 com
4453 1923 4616 2012 alijs

889 2034 1006 2123 xij.
1051 2033 1281 2124 jussis,
1312 2045 1390 2101 ut
1420 2056 1648 2121 supra,
1681 2045 1894 2102 totam
1929 2034 2280 2102 civitatem
2312 2034 2818 2113 mollestabant,
2865 2034 3043 2101 fauti
3074 2056 3117 2101 a
3145 2034 3644 2122 principalibus
3689 2034 3900 2101 trium
3943 2034 4423 2123 squadrarum,
4470 2052 4614 2100 non

887 2154 1211 2208 verentes
1255 2144 1502 2222 Deum,
1547 2163 1778 2229 neque
1825 2141 2190 2221 officiales3
2240 2153 2310 2209 et
2339 2142 2505 2209 licet
2547 2162 2892 2229 pauperes
2922 2152 2991 2213 et
3020 2141 3160 2210 ullo
3192 2143 3340 2210 sine
3374 2142 3737 2222 exercitio,
3766 2141 3954 2209 laute
4003 2153 4075 2209 et
4120 2160 4460 2228 pompose
4504 2140 4617 2205 in-

889 2246 1146 2315 duebat
1192 2259 1262 2315 et
1308 2247 1662 2317 vivebant.
4672 2244 4751 2312 15

1064 2354 1273 2422 Dicta
1317 2355 1432 2422 die
1479 2357 1701 2443 prima
1746 2355 1987 2444 marcij
2037 2355 2388 2443 publicate
2434 2368 2593 2424 sunt
2639 2357 2714 2422 in
2758 2357 3120 2425 antianatu
3164 2369 3234 2425 et
3278 2357 3633 2424 credentia
3691 2358 4266 2446 quammultorum
4328 2354 4618 2432 civium,

896 2463 1182 2531 ducales
1229 2463 1472 2542 littere,
1519 2464 1818 2551 qualiter
1860 2464 2298 2553 illustrissimi
2332 2464 2593 2532 domini
2625 2463 2843 2530 nostri
2887 2464 3254 2555 justificate
3303 2464 3745 2532 detinuerant
3790 2463 4444 2532 reverendissimum
4489 2461 4617 2527 do-

889 2570 1149 2636 minum
1194 2567 1574 2636 Ascanium
1622 2570 1967 2638 Sforciam
2013 2571 2614 2657 prothonotarium
2657 2581 2975 2657 patruum
3020 2572 3282 2637 domini
3327 2570 3550 2650 ducis,
3583 2593 3791 2660 quam
3824 2593 4101 2639 causam
4131 2579 4377 2657 postea
4405 2568 4619 2635 intel-

890 2677 1210 2766 ligerent,
1256 2697 1463 2763 quam
1508 2677 2050 2764 detemptionem
2097 2677 2417 2744 fecerant
2463 2677 2547 2743 28
2598 2676 2927 2765 februarii
2978 2676 3240 2764 ellapsi,
3288 2677 3379 2744 de
3443 2697 3578 2764 quo
3638 2698 3782 2746 non
3844 2675 4197 2745 debebant
4253 2674 4618 2752 admirari,

900 2782 1028 2848 sed
1069 2782 1308 2848 vivere
1356 2782 1608 2871 quiete.
2743 2804 2755 2815 ’
4673 2781 4766 2845 20

529 2922 574 2958 c.
602 2919 659 2960 70
686 2921 721 2952 v
1089 2887 1361 2965 Quarto
1407 2890 1648 2979 mat-cij
1699 2889 2143 2957 illustrissimi
2188 2890 2458 2958 domini
2505 2890 2720 2958 nostri
2764 2890 3193 2978 scripserunt
3237 2890 3650 2959 officialibus
3679 2903 3749 2958 et
3780 2891 4086 2959 antianis,
4114 2888 4416 2957 civitatis
4443 2887 4622 2954 Par-

887 3015 1019 3072 me,
1066 2995 1369 3082 qualiter
1412 2995 1816 3082 detemptio,
1865 3017 2070 3084 quam
2116 2997 2433 3065 fecerant
2480 2998 2570 3064 de
2618 2997 3200 3064 reverendissimo
3245 2998 3528 3065 domino
3572 2996 3883 3065 Ascanio
3943 2997 4289 3084 predicto,
4333 3014 4624 3082 proces-

896 3113 1077 3167 serat
1137 3123 1226 3167 ex
1288 3122 1394 3182 eo,
1455 3103 1619 3189 quia
1680 3102 1830 3190 ipse
1890 3103 2273 3170 seminabat
2318 3103 2705 3171 discordias
2749 3103 2934 3170 inter
2964 3104 3152 3171 cives
3196 3104 3586 3173 Mediolani
3633 3116 3705 3172 et
3751 3105 3940 3192 quod
3985 3104 4209 3191 ipsum
4254 3103 4627 3169 misserant

910 3219 1328 3274 moraturum
1389 3208 1690 3275 Ferarie.
1780 3208 1990 3276 Unde
2046 3211 2255 3276 etiam
2311 3210 2657 3298 jusserant
2700 3211 3077 3297 permultos
3123 3212 3315 3278 cives
3343 3210 3734 3278 Mediolani
3768 3209 4148 3296 caporales,
4183 3229 4420 3276 eorum
4452 3226 4625 3295 que-

899 3334 1193 3402 comque
1239 3336 1432 3380 arma
1474 3317 1738 3402 portari
1800 3316 1874 3382 in
1938 3327 2167 3384 castro
2228 3315 2442 3384 Porte
2489 3317 2710 3405 Jovis;
2758 3328 2832 3384 et
2892 3338 3028 3405 que
3089 3317 3240 3387 sine
3287 3318 3579 3404 strepitu
3625 3330 3695 3385 et
3755 3318 4030 3383 nemine
4094 3315 4625 3383 contradicente
4677 3310 4765 3378 25

896 3430 1172 3507 portata
1217 3420 1512 3489 fuerant.
1605 3422 1955 3510 Quodque
1998 3423 2431 3490 retinuerant
2476 3423 2864 3510 detemptos
2907 3435 3060 3491 tres‘
3093 3424 3312 3511 ipsius
3358 3423 3623 3492 domini
3651 3423 3934 3512 Ascanij
3970 3424 4043 3489 in
4070 3422 4422 3510 premissis
4453 3440 4628 3487 con-

905 3528 1214 3607 sultores,
1262 3527 1494 3596 silicet
1537 3529 1854 3597 Fratrem
1900 3530 1991 3597 de
2033 3529 2302 3598 Lonate
2348 3529 2788 3618 Papiensem,
2836 3531 3255 3618 Gasparrem
3300 3531 3694 3600 Tuscanum
3738 3530 4335 3599 Mediolanensem
4381 3540 4456 3596 et
4499 3527 4630 3595 do-

899 3634 1160 3700 minum
1207 3635 1707 3703 Cavalchinum
1754 3638 1843 3704 de
1903 3637 2342 3706 Guidobonis
2390 3639 2941 3719 Terdonensem,
2995 3659 3234 3705 omnes
3280 3650 3423 3707 tres
3480 3639 3871 3730 gibellinos.
3963 3638 4077 3706 Ob
4136 3637 4325 3725 quod
4383 3636 4488 3702 illi
4536 3635 4630 3703 de

901 3739 1123 3806 tribus
1167 3741 1485 3829 squadris
1528 3742 1775 3810 Parme
1821 3744 2105 3810 multum
2153 3744 2228 3810 in
2276 3745 2486 3811 armis
2533 3757 2604 3811 et
2646 3744 2721 3810 in
2768 3745 3072 3834 consilijs
3117 3745 3300 3813 intra
3344 3769 3418 3813 se
3466 3757 3824 3815 steterunt.

1080 3849 1329 3916 Eamet
1374 3848 1511 3929 die,
1558 3872 1695 3938 qua
1740 3851 1876 3918 fuit
1920 3852 2308 3940 detemptus
2351 3854 2711 3939 prefactus
2755 3853 3075 3920 dominus
3118 3851 3484 3934 Ascanius,
3530 3855 3723 3921 facta
3767 3854 3901 3921 fuit
3946 3853 4218 3920 novitas
4277 3862 4351 3919 et
4408 3850 4632 3918 motio
4679 3850 4774 3915 30

907 3977 1250 4022 armorum
1295 3956 1641 4024 Cremone
1688 3957 1869 4024 inter
1912 3959 2185 4046 guelfos
2229 3970 2299 4026 et
2341 3959 2737 4048 gibellinos.
2830 3959 3014 4026 Nam
3076 3959 3359 4048 quidam
3418 3959 3650 4028 Lucas
3713 3962 3802 4028 de
3862 3959 4152 4046 Luppis,
4216 3959 4338 4047 qui
4398 3958 4637 4023 fuerat

904 4061 1301 4129 Mediolani
1364 4084 1493 4149 pro
1555 4072 1832 4131 oratore
1894 4065 2491 4146 Cremonensium,
2555 4066 2918 4155 requirens
2964 4067 3421 4134 soluctionem
3483 4068 3840 4134 cavalcate
3905 4085 4026 4133 sue
4087 4077 4159 4132 et
4203 4065 4453 4131 videns
4496 4062 4636 4130 sibi

906 4170 1102 4235 illam
1149 4169 1504 4258 denegari,
1549 4172 1850 4237 minatus
1897 4172 2033 4239 fuit
2078 4175 2150 4238 in
2197 4174 2572 4254 antianatu,
2621 4174 2812 4263 quod
2858 4173 2993 4241 nisi
3053 4174 3185 4241 sibi
3245 4175 3635 4254 satisfieret,
3696 4175 3974 4263 sanguis
4017 4174 4147 4240 iret
4199 4172 4292 4239 ad
4354 4171 4632 4239 cellum.

911 4277 1021 4342 Ex
1065 4298 1199 4364 quo
1245 4298 1288 4342 a
1335 4278 1807 4344 commissario
1855 4279 2267 4365 detemptus,
2314 4301 2477 4366 pars
2523 4302 2666 4359 sua,
2715 4281 2945 4348 silicet
2991 4280 3306 4369 gibellini
3356 4293 3427 4348 et
3469 4303 3631 4370 pars
3675 4281 3969 4349 adversa
3999 4280 4230 4347 silicet
4260 4279 4522 4367 guelfa,
4554 4299 4631 4343 se

911 4394 1288 4468 posuerunt
1333 4383 1409 4449 in
1456 4384 1699 4462 armis3
1748 4386 1839 4453 ob
1886 4387 2078 4473 quod
2122 4385 2563 4452 illustrissimi
2612 4386 2880 4452 domini
2926 4387 3144 4453 nostri
3189 4408 3319 4475 pro
3366 4388 3695 4454 sedandis
3737 4387 4123 4455 rumoribus
4167 4385 4335 4452 illuc
4391 4383 4637 4450 misse-
4685 4381 4775 4448 35

497 4513 649 4560 uun..
681 4510 766 4553 ³34
920 4500 1082 4554 runt
1128 4489 1471 4557 ducentos
1517 4491 1800 4558 ducales
1845 4492 2141 4558 famulos
2187 4505 2259 4559 et
2303 4493 2550 4559 multos
2594 4493 2892 4578 pedites,
2939 4492 3060 4560 ubi
3091 4505 3323 4560 tamen
3368 4492 3661 4560 nullum'
3692 4494 3886 4561 aliud
3917 4506 4022 4562 est
4066 4503 4378 4581 sequtum
4426 4512 4634 4557 scan-

486 4587 501 4596 ’
919 4594 1170 4661 dalum.
1260 4593 1561 4664 Atamen
1608 4597 1939 4685 detempti
1970 4598 2300 4666 fuerunt
2281 4619 2355 4664 1n
2390 4610 2618 4666 castro
2651 4599 3090 4688 quamplures
3123 4601 3485 4719 caporales
3515 4600 3862 4688 utriusque
3894 4599 4131 4688 partis.
4221 4598 4364 4678 Qui
4394 4607 4643 4683 postea

919 4703 1201 4769 fuerunt
1245 4702 1538 4792 relegati
1570 4703 1981 4772 Mediolani.

1094 4807 1457 4875 Prefactus
1501 4810 1819 4877 dominus
1860 4809 2202 4878 Ascanius
2259 4813 2608 4901 relegatus
2669 4814 2954 4882 Ferarie
3012 4813 3386 4881 associatus
3444 4814 3577 4881 fuit
3636 4836 3766 4902 per
3824 4814 4080 4881 flumen
4139 4811 4320 4879 Padi
4378 4810 4454 4876 in
4515 4809 4645 4877 bu-

932 4914 1234 4981 cintorio
1280 4915 1513 4981 ducali
1561 4937 1715 4983 cum
1762 4918 2092 4986 comitiva
2153 4931 2497 4987 certorum
2560 4920 2898 4988 nobilium
2960 4920 3589 4989 Mediolanensium
3651 4932 3722 4988 et
3779 4921 4013 4988 multis
4071 4919 4450 5008 peditibus,
4497 4937 4636 4984 nec
4685 4917 4777 4982 40

924 5043 1222 5109 unquam
1270 5022 1637 5090 descendit
1686 5025 1776 5091 ad
1821 5037 2095 5106 terram,
2144 5027 2271 5093 sed
2317 5038 2510 5094 recta
2553 5028 2672 5093 via
2715 5026 2792 5092 in
2838 5048 3022 5115 aqua
3065 5048 3344 5114 semper
3384 5029 3514 5095 ivit
3555 5029 3768 5096 infra.

1100 5128 1325 5196 Multa
1370 5140 1441 5196 et
1484 5131 1678 5196 varia
1724 5132 1813 5198 de
1856 5134 1994 5199 hoc
2040 5132 2114 5198 in
2159 5134 2436 5221 populis
2483 5133 2891 5201 ferebantur
2920 5147 2992 5203 et
3020 5135 3330 5202 ultimate
3375 5135 3672 5202 habetur
3717 5134 4098 5215 conclusio,
4145 5133 4335 5222 quod
4365 5132 4485 5198 hic
4519 5131 4645 5198 do-

925 5235 1153 5301 minus
1194 5232 1544 5302 Ascanius
1589 5237 1999 5305 rescidens’
1978 5259 2054 5305 1n
2089 5240 2280 5306 curia
2322 5240 2569 5320 veteri,
2616 5262 2943 5327 persuasu
2989 5241 3612 5329 suprascriptorum
3653 5225 3881 5321 trium,
3927 5253 4004 5309 ut
4047 5239 4487 5329 premittitur,
4521 5239 4649 5305 de-

937 5352 1350 5428 temptorum
1383 5343 1631 5431 ipsum'
1662 5344 2184 5425 consulentium,
2233 5346 2648 5414 recusabat
2628 5366 2734 5412 1re
2764 5367 2891 5434 pro
2923 5348 3315 5414 consultore
3360 5346 3432 5412 in
3481 5359 3708 5414 castro
3740 5358 3812 5415 et
3840 5347 4238 5415 nictebatur
4279 5345 4648 5413 consilium

929 5459 1139 5515 status
1184 5450 1359 5530 fieri,
1419 5451 1538 5518 ubi
1598 5452 1750 5538 ipse
1812 5452 2213 5519 rescidebat
2260 5464 2331 5519 et
2376 5474 2516 5519 non
2561 5454 2636 5519 in
2684 5465 2929 5532 castro,
2976 5455 3069 5521 ad
3115 5455 3306 5543 quod
3352 5453 3453 5520 sic
3502 5454 3804 5520 fiendum
3850 5454 4273 5522 invitaverat
4313 5453 4650 5519 illustrem
4697 5448 4784 5515 45

934 5557 1286 5623 dominum
1329 5556 1763 5625 Ludovicum
1809 5579 2209 5646 germanum
2242 5582 2434 5626 suum
2468 5572 2540 5627 et
2568 5561 2793 5647 ipsum
2838 5560 2998 5628 huic
3044 5582 3185 5628 non
3216 5561 3681 5628 consentienti
3711 5560 4177 5649 persuadebat
4207 5560 4433 5627 saltim
4482 5578 4654 5625 con-

933 5663 1159 5729 silium
1205 5664 1427 5750 ipsum
1473 5676 1690 5731 status
1735 5666 1885 5731 fieri
1935 5665 2009 5731 in
2057 5688 2333 5733 camera
2380 5667 2599 5754 ipsius
2643 5666 2910 5733 domini
2956 5667 3300 5736 Ludovici
3341 5669 3416 5733 in
3464 5679 3713 5747 castr0,
3748 5667 3864 5735 cui
3912 5669 4124 5734 etiam
4166 5666 4394 5733 minus
4437 5666 4656 5732 voluit

933 5771 1285 5836 assentire.
1378 5771 1470 5835 Et
1515 5791 1720 5857 super
1766 5771 1900 5839 hoc
1950 5773 2262 5860 temptati
2309 5776 2587 5841 fuerant
2632 5774 2825 5839 multi
2870 5775 3060 5840 cives
3088 5794 3175 5840 ex
3203 5774 3820 5862 principalioribus
3850 5773 4261 5841 Mediolani.
4354 5773 4446 5840 Et
4488 5772 4654 5839 ideo

940 5898 1026 5941 ne
1057 5877 1189 5943 hec
1220 5877 1581 5962 practicha
1610 5878 1890 5944 ulterius
1921 5881 2357 5964 procederat,
2390 5902 2567 5946 neve
2597 5880 3002 5949 scandalum
3031 5881 3246 5947 ullum
3276 5894 3697 5971 sequeretur,
3731 5892 4222 5969 processerunt
4244 5879 4656 5968 detemptio,

939 5983 1277 6070 relegatio
1323 5993 1395 6048 et
1440 6003 1781 6050 armorum
1827 5983 2109 6065 ablati0,
2159 5986 2245 6052 de
2291 5987 2539 6074 quibus
2583 6008 2815 6074 supra,
2861 6009 2995 6077 que
3040 5989 3206 6056 satis
3236 5991 3540 6078 quietum
3587 5990 3795 6057 finem
3839 5988 4252 6056 habuerunt.
4701 5985 4787 6055 50
