4895 7066
462 785 620 836 Mun..
654 785 728 831 271

547 4097 585 4129 c.
617 4096 734 4135 mv

463 4722 614 4770 Mum,
646 4724 725 4766 272

3215 332 3226 375 ἱ
3857 332 3892 338 -

890 527 991 599 20
2181 526 2654 599 CRONICA
2714 524 3297 598 GESTORUM
3907 538 4015 608 [A.
4060 542 4222 595 1477
4263 538 4616 608 dioembre]

884 677 1016 688 ..μοιμοι-ι
2213 676 3105 687 *Μακοκοαοωοοοοοοοικοσωκοοοωιοη-κο-Μηυκοωιι

3280 678 4186 688 ”muns-moa...-n-ae---oo-o--oo—-nvnu-oocooo-u-u-mn.—
4384 678 4596 687 *mn-..—

886 768 1254 854 deputatus
1298 788 1427 856 pro
1471 768 1698 856 primo
1744 771 1838 837 ad
1882 769 2193 859 regimen
2238 782 2477 850 status,
2527 768 2910 835 infirmatus
2942 768 3228 836 recessit
3272 789 3359 835 ex
3403 766 3819 836 Mediolano
3868 781 3938 837 et
3979 792 4110 857 per
4155 769 4429 858 aquam'
4481 790 4613 835 ve-

899 873 1002 941 nit
1043 874 1138 941 ad
1183 885 1485 941 castrum
1533 897 1729 942 suum
1771 876 2027 943 Roche
2075 876 2410 956 Blanche,
2458 874 2579 941 ubi
2625 876 2698 940 in
2742 875 2967 960 spatio
3013 895 3392 960 paucorum
3440 876 3708 943 dierum
3754 877 3934 944 bene
3982 876 4357 945 convaluit.

1064 980 1335 1049 Eodem
1382 995 1607 1048 autem
1652 1003 1888 1048 mense
1938 981 2329 1049 decembris
2374 981 2545 1047 dicti
2602 981 2763 1047 anni
2817 979 3007 1059 1477,
3053 983 3481 1048 reverendus
3532 982 3855 1050 dominus
3905 983 4249 1073 Ugolinus
4293 985 4384 1050 de
4445 984 4610 1050 Ru-

887 1088 1041 1155 beis
1086 1086 1301 1156 abbas
1347 1089 1570 1156 sancti
1613 1089 1957 1176 Johannis
2002 1089 2451 1178 Evangeliste
2499 1090 2587 1156 de
2633 1087 2885 1155 Parma
2929 1087 3348 1157 renuntiavit
3392 1089 3575 1157 dicte
3635 1089 3913 1157 abbatie
3973 1090 4295 1159 societati
4343 1104 4411 1157 et
4456 1091 4614 1155 fra-

892 1192 1109 1269 tribus
1153 1195 1382 1261 sancti
1441 1196 1812 1263 Benedicti
1872 1197 1943 1261 in
1996 1195 2377 1274 Pollirono,
2423 1194 2558 1262 sibi
2611 1207 2960 1263 reservata
3003 1195 3338 1281 pensione
3400 1219 3631 1263 annua
3689 1208 3838 1264 toto
3898 1208 4209 1284 tempore
4273 1198 4412 1263 vite
4478 1217 4611 1262 sue
4703 1194 4738 1261 5

892 1300 1304 1366 ducatorum
1350 1303 1867 1393 quingintorum
1911 1303 2084 1370 auri.
2159 1300 2306 1379 Qui
2352 1303 2650 1381 monaci,
2703 1302 2849 1367 sive
2895 1302 3152 1369 fratres
3197 1300 3756 1383 observantium,
3802 1304 4146 1372 intrarunt
4205 1303 4279 1369 in
4341 1305 4612 1370 dictam

889 1405 1261 1487 abbatiam,
1308 1407 1399 1474 ob
1447 1432 1739 1496 quorum
1787 1409 2320 1477 cellebrationes
2367 1409 2657 1490 divinas,
2703 1421 2843 1477 tam
2891 1408 3367 1498 morigerataS,
3415 1409 3659 1477 dulces
3707 1423 3777 1477 et
3822 1410 4207 1490 mellifluas,
4255 1422 4436 1477 totus
4472 1432 4612 1498 po-

880 1513 1083 1599 pulus
1127 1514 1429 1582 civitatis
1473 1516 1564 1582 ad
1610 1517 1833 1602 ipsum
1880 1517 2109 1583 locum
2154 1537 2284 1603 pro
2333 1517 2587 1584 divinis
2634 1516 2999 1582 audiendis
3046 1515 3506 1597 confluebant,
3552 1518 3887 1607 multique
3926 1516 4218 1606 juvenes
4247 1517 4500 1604 optimi
4538 1530 4612 1582 et

883 1619 1138 1685 divites
1188 1621 1375 1688 cives
1418 1623 1491 1687 in
1538 1642 1691 1688 eam
1734 1623 2245 1710 professionem
2292 1623 2746 1690 intraverunt.

1061 1726 1221 1793 Fuit
1264 1728 1509 1794 mirum
1554 1730 1629 1794 in
1674 1729 1958 1797 civitate
2006 1730 2255 1796 Parme
2303 1732 2392 1797 de
2438 1751 2672 1797 mense
2719 1729 3110 1797 decembris
3154 1730 3324 1797 dicti
3385 1732 3550 1798 anni
3607 1728 3770 1802 1477
3836 1754 3994 1797 nam
4057 1732 4361 1818 quedam
4422 1730 4608 1796 mul·
4665 1733 4741 1794 10

903 1832 1029 1898 lier
1075 1837 1506 1919 paupercula
1551 1834 1874 1902 habitans
1922 1836 1992 1901 in
2038 1836 2290 1923 Capite
2323 1837 2564 1903 Pontis
2608 1859 2747 1905 uno
2795 1850 3001 1925 partu
3043 1837 3374 1925 produxit
3417 1837 3489 1903 in
3537 1837 3761 1905 lucem
3804 1850 3944 1904 tres
3990 1837 4338 1903 masculos
4369 1837 4610 1903 infan-

880 1948 1005 2016 tes,
1052 1940 1169 2025 qui
1214 1940 1399 2007 infra
1443 1943 1749 2009 triduum
1796 1965 1883 2015 ex
1926 1943 2063 2010 hoc
2110 1928 2371 2010 seculo
2395 1944 2799 2032 migrarunt,
2847 1945 3039 2011 salva
3080 1944 3441 2034 genitrice·
3466 1966 3725 2011 eorum.

1066 2045 1220 2111 Hoc
1267 2048 1546 2132 quidem
1595 2070 1834 2115 mense
1897 2049 2290 2116 decembris
2354 2072 2441 2116 ex
2493 2051 2716 2138 gratia
2778 2063 2849 2118 et
2910 2050 3280 2118 clementia
3333 2051 3617 2118 domine
3680 2051 3953 2119 ducisse
4015 2052 4276 2117 reversi
4336 2062 4502 2117 sunt
4565 2073 4612 2118 a

885 2150 1276 2219 confinibus
1321 2154 1460 2221 suis
1501 2154 1820 2222 Parmam
1869 2175 2107 2224 comes
2152 2154 2554 2224 Ludovicus
2600 2159 2690 2225 de
2737 2157 3058 2246 Valerijs,
3105 2157 3625 2245 Petruspaullus
3671 2157 3759 2225 de
3803 2158 4163 2225 Fulchinis
4221 2170 4292 2226 et
4355 2157 4609 2226 Guiel-

754 2307 765 2316 .
881 2256 1106 2322 minus
1152 2259 1242 2325 de
1290 2259 1509 2340 Colla,
1557 2262 1647 2327 de
1691 2283 1985 2350 quorum
2030 2264 2341 2330 adventu
2386 2276 2525 2331 tres
2569 2264 2868 2352 squadre
2913 2265 3152 2353 gavise
3199 2277 3378 2332 sunt.
4661 2264 4732 2329 15

1064 2364 1289 2432 Multa
1334 2389 1630 2454 namque
1677 2370 2062 2456 supradicti
2110 2370 2377 2437 banniti
2423 2392 2467 2435 a
2515 2371 2793 2439 civitate
2838 2370 3089 2438 Parme
3133 2372 3270 2438 hoc
3315 2383 3627 2458 tempore
3658 2372 3903 2439 molliti
3934 2387 4090 2439 sunt
4138 2385 4207 2441 et
4249 2384 4610 2440 tractave-

882 2483 1045 2538 runt
1092 2484 1340 2538 contra
1386 2474 1740 2540 dominum
1786 2475 2129 2564 Jacobum
2178 2473 2602 2543 Bonarelum
2650 2475 3189 2565 gubernatorem
3236 2477 3562 2557 civitatis,
3626 2499 3783 2545 com
3845 2478 4095 2566 quibus
4142 2481 4424 2567 quidam
4479 2479 4610 2566 Jo-

880 2579 1145 2643 hannes
1189 2577 1480 2647 Pellicia
1524 2581 1876 2647 homicida
1922 2593 1990 2649 et
2036 2582 2315 2649 satelles
2362 2583 2629 2649 domini
2674 2584 3017 2670 Johannis
3058 2584 3418 2650 Francisci
3464 2584 3787 2665 Cantelli,
3835 2585 4065 2652 audax
4109 2600 4180 2653 et
4238 2586 4606 2673 pessimus,

883 2685 1221 2769 praticam
1270 2698 1339 2753 et
1384 2708 1770 2755 sermonem
1816 2687 2060 2756 habuit
2120 2688 2196 2754 in
2258 2701 2446 2755 terra
2491 2689 2813 2778 Corrigie
2862 2701 3106 2757 contra
3151 2690 3421 2758 dictum
3482 2691 4044 2782 gubernatorem,
4107 2694 4222 2759 cui
4282 2693 4608 2759 nuntiata

883 2802 1041 2856 sunt
1088 2792 1240 2859 hec.
1332 2793 1423 2860 Et
1468 2815 1626 2860 cum
1669 2796 1818 2882 ipse
1864 2795 2161 2862 Pellicia
2207 2807 2477 2863 secrete
2524 2796 2825 2864 venisset
2870 2798 2944 2862 in
2992 2796 3276 2864 civitate
3320 2797 3589 2879 Parme,
3637 2821 3794 2865 eum
3840 2820 3979 2866 una
4039 2811 4250 2866 nocte
4295 2801 4370 2864 in
4413 2799 4605 2865 lecto
4653 2800 4737 2862 20

887 2896 961 2960 in
1008 2897 1216 2964 domo
1261 2901 1548 2987 propria
1596 2901 1755 2988 capi
1799 2902 1978 2970 fecit
2022 2903 2171 2989 ipse
2217 2901 2666 2990 gubernator,
2713 2925 2798 2972 ac
2846 2904 3123 2971 fortiter
3166 2907 3595 2986 tormentari,
3645 2907 4146 2995 confessusque
4193 2906 4350 2985 fuit,
4396 2908 4607 2972 sede-

883 3003 1020 3068 cim
1067 3025 1156 3069 ex
1203 3006 1409 3073 dictis
1454 3007 1753 3074 bannitis
1798 3009 2350 3076 coniurationem
2394 3010 2578 3075 intra
2647 3032 2718 3076 se
2787 3011 3044 3077 fecisse
3114 3032 3270 3079 com
3319 3012 3879 3079 comunicatione
3922 3013 4282 3103 sanguinis
4326 3013 4598 3101 proprij

816 3125 821 3130 ·
880 3109 973 3175 ad
1001 3110 1309 3179 invicem
1341 3114 1722 3183 occidendi
1753 3115 2017 3181 dictum
2042 3116 2597 3204 gubernatorem.
2693 3114 2857 3193 Qua
2882 3140 2969 3183 ex
2993 3139 3202 3184 causa
3225 3117 3505 3184 domina
3530 3119 3807 3186 ducissa
3829 3122 3964 3187 hoc
3990 3119 4293 3185 sentiens
4315 3118 4606 3205 scripsit

884 3215 1166 3297 litteras,
1213 3221 1402 3306 quod
1463 3221 1608 3307 ipse
1667 3221 1963 3288 Pellicia
2023 3223 2559 3309 suspenderetur
2616 3246 2745 3310 per
2787 3226 3070 3314 gullam,
3139 3245 3360 3311 eaque
3430 3226 3545 3293 die
3613 3248 3749 3313 qua
3815 3226 3966 3313 ipse
4031 3225 4262 3293 littere
4323 3236 4602 3311 portate

880 3335 1038 3389 sunt
1064 3338 1212 3392 erat
1234 3327 1498 3415 vigillia
1530 3327 1936 3396 Nativitatis
1967 3330 2269 3397 Domini.
2362 3330 2476 3397 Ob
2523 3331 2669 3397 eius
2700 3332 3165 3399 reverentiam
3199 3331 3383 3399 tallis
3414 3333 3774 3419 suspensio
3807 3355 3948 3399 non
3979 3333 4119 3401 fuit
4151 3333 4366 3400 facta.
4445 3333 4603 3398 Hoc
4650 3329 4728 3394 25

879 3431 1111 3497 medio
1155 3452 1282 3519 per
1345 3434 1729 3502 confinatos
1788 3447 2053 3502 tantum
2100 3437 2511 3522 praticatum
2559 3437 2717 3518 fuit,
2765 3439 2954 3524 quod
3023 3438 3308 3505 domina
3375 3438 3650 3506 ducissa
3696 3440 3911 3507 vitam
3958 3439 4095 3506 sibi
4146 3438 4602 3517 condonavit,

880 3550 950 3604 et
980 3558 1062 3604 eo
1093 3539 1468 3623 potissime,
1501 3542 1662 3629 quia
1693 3543 1766 3609 in
1796 3543 2054 3609 insultu
2093 3544 2485 3629 potestatis,
2533 3546 2623 3612 de
2673 3566 2809 3631 quo
2857 3567 3086 3632 supra,
3134 3567 3207 3612 se
3254 3545 3436 3613 bene
3482 3560 3811 3636 gesserat,
3860 3568 3942 3614 ac
3989 3547 4198 3614 etiam
4245 3546 4601 3613 orationes

880 3656 951 3710 et
994 3664 1240 3730 preces
1294 3647 1547 3727 uxoris,
1594 3669 1731 3734 que
1777 3650 2090 3738 quotidie
2136 3652 2326 3718 nuda
2371 3651 2669 3738 pedibus
2714 3673 2869 3718 com
2916 3674 3039 3719 sex
3083 3651 3476 3742 virginibus
3531 3654 3740 3720 etiam
3771 3653 4049 3721 nudatis
4092 3651 4390 3741 pedibus
4436 3653 4604 3718 visi-

877 3751 1069 3817 tabat
1101 3752 1437 3820 ecclesias
1468 3756 1775 3834 devotas,
1822 3777 1908 3822 ac
1955 3776 2254 3842 corpora
2296 3770 2695 3825 sanctorum
2744 3759 3075 3838 civitatis3
3124 3760 3399 3848 fuitque
3443 3760 3779 3827 liberatus
3826 3773 3896 3829 et
3925 3772 4217 3828 vocatus
4247 3759 4603 3826 Mediola-

879 3877 1065 3936 num,
1097 3857 1217 3924 ubi
1248 3859 1483 3926 habita
1514 3861 1727 3927 multa
1758 3862 2203 3948 reprensione
2252 3874 2321 3929 et
2368 3864 2798 3931 exortatione
2833 3867 2925 3932 ad
2957 3865 3137 3933 bene
3182 3866 3561 3933 vivendum
3607 3887 3926 3933 reversus
3969 3878 4075 3933 est
4108 3866 4182 3932 in
4210 3865 4601 3946 Parmensi,
4648 3868 4727 3930 30

881 3976 951 4030 et
1005 3962 1077 4027 in
1123 3966 1270 4030 eius
1316 3966 1778 4052 relapsatione
1823 3989 1952 4054 pro
1999 3969 2146 4035 eius
2191 3970 2702 4037 fideiussoribus
2748 3971 2837 4038 de
2883 3994 2955 4038 se
3001 3974 3470 4058 presentando
3532 3973 4009 4040 Mediolanum
4056 3973 4602 4040 intercesserunt

885 4070 1193 4136 sedecim
1225 4077 1234 4088 “
1264 4072 1353 4138 de
1398 4073 1615 4139 tribus
1661 4075 2007 4162 squadriS,
2053 4096 2137 4140 ac
2185 4076 2244 4140 si
2292 4076 2541 4142 fuisset
2586 4078 2848 4162 primus
2890 4079 3000 4144 vir
3068 4093 3138 4146 et
3206 4080 3582 4166 caporalis'
3643 4078 3950 4160 omnium
3998 4080 4251 4145 civium
4306 4078 4561 4145 Parme
4577 4104 4596 4157 3

876 4196 1003 4261 pro
1039 4177 1232 4243 cuius
1262 4178 1673 4247 liberatione
1706 4201 1947 4248 omnes
1994 4195 2132 4248 tres
2177 4185 2481 4269 squadre
2529 4204 2806 4250 omnem
2855 4205 3139 4270 operam
3184 4186 3682 4272 impenderunt
3731 4197 3802 4251 et
3848 4186 4033 4251 intra
4079 4207 4151 4251 se
4216 4199 4603 4271 posuerunt

876 4303 1085 4347 unam
1119 4283 1373 4351 coltam
1408 4287 1872 4368 denariorum,
1922 4309 2078 4355 com
2127 4289 2373 4376 quibus
2420 4291 2729 4357 creditur
2760 4290 3033 4377 aliquos
3081 4292 3225 4358 eius
3271 4292 3628 4358 adiutores
3672 4293 3889 4358 fuisse
3937 4303 4321 4379 corruptos.
4415 4293 4598 4358 Nam

878 4387 1000 4452 hic
1048 4401 1201 4454 erat
1260 4390 1524 4476 primus
1585 4393 1884 4479 capister
1948 4395 2271 4461 civitatis·
2361 4393 2562 4462 Alias
2624 4398 3093 4464 commisserat
3137 4398 3598 4466 homicidium
3661 4396 3978 4465 Bononie
4048 4411 4117 4465 et
4185 4399 4597 4487 genitricem
4645 4398 4722 4464 35

875 4495 1226 4579 propriam
1274 4497 1628 4565 deiecerat
1673 4520 1758 4564 ex
1804 4502 2107 4585 quodam
2156 4502 2399 4568 domus
2443 4523 2568 4569 sue
2640 4503 3039 4581 ballatori03
3089 4504 3504 4572 interfuerat
3550 4506 3937 4572 sacomanis
3981 4515 4052 4571 et
4094 4506 4449 4596 judicatus
4493 4519 4599 4573 est

876 4600 1161 4667 omnino
1194 4602 1373 4668 male
1405 4603 1743 4672 finiturus.
1791 4606 1955 4672 Non
2000 4619 2233 4673 tamen
2283 4618 2385 4674 est
2430 4630 2637 4675 ausus
2683 4610 2757 4675 in
2806 4610 3096 4677 civitate
3139 4612 3413 4679 morari.

1053 4707 1323 4774 Eodem
1368 4729 1606 4777 mense
1652 4711 2041 4779 decembris
2090 4713 2262 4780 dicti
2308 4716 2473 4779 anni
2524 4716 2810 4781 domina
2855 4715 3136 4783 ducissa
3179 4717 3566 4784 Mediolani
3614 4719 3838 4786 missit
3883 4731 4023 4787 tres
4071 4742 4231 4788 suos
4263 4733 4597 4799 oratores,

878 4810 1108 4880 silicet
1155 4814 1511 4880 dominum
1580 4817 1931 4885 Brandam
2003 4819 2090 4884 de
2160 4819 2545 4886 Castiliono
2594 4821 3005 4909 episcopum
3053 4824 3461 4905 Cumanum,
3508 4826 3863 4892 dominum
3920 4828 4315 4914 Johannem
4375 4827 4597 4893 Lovi-

872 4918 1049 4984 sium
1094 4921 1386 4986 Bossum
1433 4933 1501 4987 et
1546 4919 1859 4989 Azonem
1906 4924 2441 5006 Vicecomitem,
2488 4947 2729 4993 omnes
2773 4927 2861 4993 de
2909 4930 3203 4996 consilio
3249 4944 3542 5011 secret0,
3588 4934 3681 5000 ad
3727 4952 3963 5023 regem
4012 4935 4442 5000 Francorum
4474 4956 4592 5000 co·
4643 4937 4723 4999 40

875 5037 1161 5113 gnatum
1206 5048 1401 5094 suum
1448 5049 1577 5115 pro
1625 5030 1916 5097 inienda
1961 5044 2031 5098 et
2078 5033 2418 5100 firmanda
2464 5034 2612 5122 liga
2660 5053 2818 5101 com
2864 5055 2967 5103 eo.
3058 5033 3128 5101 A
3173 5057 3527 5131 quo-rege
3575 5037 3876 5127 benigne
3943 5050 4099 5106 sunt
4156 5041 4464 5127 suscepti
4526 5052 4597 5108 et

875 5133 1024 5199 visi.
1118 5132 1415 5200 Atamen
1463 5155 1591 5221 pro
1640 5157 1723 5201 ea
1768 5139 1923 5204 vice
1973 5138 2327 5226 colligatio
2375 5161 2515 5206 non
2561 5140 2697 5207 fuit
2743 5142 2966 5220 facta3
3016 5163 3176 5208 nam
3222 5166 3348 5210 rex
3391 5145 3542 5231 ipse
3588 5147 3945 5232 pollicitus
3991 5159 4097 5215 est
4143 5148 4219 5213 in
4265 5148 4463 5218 brevi
4521 5169 4596 5214 se

876 5241 1238 5306 missurum
1287 5253 1599 5308 oratores
1644 5263 1803 5309 suos
1849 5244 2329 5311 Mediolanum
2377 5269 2463 5313 ea
2507 5268 2636 5333 pro
2683 5247 3131 5336 colligatione
3201 5251 3455 5319 fienda.
3553 5250 3697 5329 Qui
3759 5267 4072 5321 oratores
4138 5256 4425 5323 ducales
4482 5276 4594 5320 re-

872 5346 1054 5412 versi
1102 5360 1260 5413 sunt
1301 5348 1802 5429 Mediolanum,
1852 5352 2318 5439 dixeruntque
2362 5353 2623 5420 vidisse
2684 5355 2757 5419 in
2827 5354 3018 5421 curia
3085 5356 3263 5424 dicti
3308 5359 3494 5446 regis
3540 5359 3802 5424 dictum
3849 5361 4173 5447 superius
4234 5361 4595 5429 dominum

872 5451 1282 5533 Rubertum,
1331 5455 1444 5520 cui
1491 5455 1884 5523 nullatenus
1930 5458 2151 5545 loquti
2197 5470 2355 5526 sunt
2386 5460 2476 5525 de
2506 5461 2836 5529 mandato
2884 5460 3166 5530 domine
3217 5464 3517 5544 ducisse,
3580 5487 3663 5531 ac
3714 5465 4035 5534 dixerunt
4082 5468 4308 5554 ipsum
4353 5469 4592 5536 venire
4642 5468 4719 5535 45

872 5558 946 5623 in
993 5559 1192 5626 Italia
1238 5583 1398 5628 cum
1445 5562 1744 5649 trigenta
1787 5565 1987 5651 equis
2034 5577 2321 5632 tantum.

1048 5667 1204 5734 Hoc
1251 5680 1400 5734 toto
1445 5690 1629 5735 anno
1677 5693 1886 5757 supra
1934 5693 2261 5757 expresso
2316 5672 2482 5745 1477
2535 5676 2857 5744 defuncti
2919 5690 3078 5744 sunt
3123 5678 3198 5743 in
3243 5679 3524 5745 civitate
3573 5675 3960 5747 Mediolani
4005 5703 4213 5769 quam
4259 5683 4470 5750 multe
4521 5697 4592 5751 et

871 5772 1411 5840 innumerabiles
1478 5796 1774 5859 persone
1845 5777 2163 5844 febribus
2209 5781 2499 5858 accutiS,
2550 5781 2914 5849 freneticis
2972 5795 3042 5849 et
3102 5783 3624 5866 insanabilibus,
3689 5808 3981 5873 quorum
4045 5788 4241 5854 multi
4303 5810 4379 5854 se
4438 5789 4591 5855 dei·-

874 5879 1156 5945 ciebant
1203 5901 1244 5943 a
1290 5881 1648 5959 fenestris;
1700 5894 1769 5948 et
1816 5882 1885 5946 in
1933 5885 2167 5970 aliqua
2216 5886 2425 5951 domo
2473 5889 2763 5968 accidit,
2798 5891 2986 5975 quod
3034 5871 3270 5955 omnes
3315 5893 3587 5976 periere
3603 5917 3620 5968 ;
3671 5905 3739 5959 et
3786 5895 4021 5960 eundo
4053 5916 4180 5980 per
4224 5895 4584 5961 civitatem

872 6002 1012 6049 non
1062 5985 1478 6052 videbantur
1520 5986 1653 6051 nisi
1706 6009 1948 6054 cruces
1998 6004 2065 6055 et
2107 5990 2531 6080 presbyteri3
2583 5995 2941 6084 multique,
2988 6018 3076 6062 ne
3123 6008 3341 6064 terror
3388 6000 3588 6064 fieret
3635 6010 3703 6065 et
3764 6014 4008 6081 metus,
4071 6001 4586 6090 sepeliebantur
4633 6003 4714 6067 50
