4895 7066
16 1930 35 1939 .„

16 1944 49 1965 ι’
80 1964 81 1967 ,

20 2138 25 2141 Α
94 2128 99 2143 ι

16 2150 61 2176 τ’.
88 2152 103 2253 Ι

16 2248 59 2269 Γ,

16 2276 39 2285 ⁶

28 2371 53 2393 υ.

310 482 433 553 [A.
474 484 639 541 1480
686 480 933 555 giugno]
1274 530 1295 557 χ
1500 469 1613 544 ΙΝ
1664 462 2180 542 PARTIBUS
2237 462 2872 540 LOMBARDIE
3943 456 4037 544 73

1417 618 1472 627 ›on-
1591 614 2215 625 --ouu—wmm.-···w„-unnq—ou
2228 614 3478 622 *v--w—ou-——ououo-v-m-m-aw„·.m.m.mnmm0.-n.nuanmm-m
3502 613 4050 621 ..aaa—wmu-—v-o--a-n-u-m-

508 737 630 803 Die
661 736 942 802 decimo
964 735 1141 825 junij
1173 736 1365 801 facta
1387 736 1524 801 fuit
1546 735 1616 799 in
1640 754 1795 801 sero
1819 733 1893 799 in
1924 732 2149 821 burgo
2174 731 2619 798 Collonarum
2645 731 2792 797 rixa
2817 732 3005 798 inter
3028 732 3202 797 duos
3226 730 3475 797 fratres
3499 730 3592 797 de
3616 727 4051 817 Cartenacijs

343 843 808 931 Corrigienses
856 854 926 908 et
974 842 1345 928 quemdam
1394 840 1836 931 callegarium
1884 841 1976 907 de
2025 838 2464 927 Girarducijs
2497 838 2584 904 de
2614 837 2919 925 squadra
2951 836 3195 905 Sancti
3224 836 3522 916 Vitallis,
3556 835 3648 903 ob
3678 856 3888 923 quam
3917 834 4052 899 iste

354 951 445 1018 de
465 949 883 1039 Girarducijs
908 950 1313 1015 vulneratus
1336 948 1489 1026 fuit,
1514 947 1916 1035 pariterque
1938 945 2247 1032 Jacobus
2281 944 2371 1011 de
2404 945 2606 1012 Colla
2635 946 2843 1010 etiam
2874 943 3362 1033 Corrigiensis.
3432 942 3642 1010 Unde
3673 941 4048 1009 attinentes

359 1058 511 1123 dicti
548 1055 792 1144 Jacobi
840 1055 1114 1134 armati,
1164 1076 1320 1121 com
1368 1076 1575 1142 quam
1620 1054 1850 1120 multis
1896 1052 2217 1140 capistris
2262 1063 2715 1119 accesserunt
2759 1051 2852 1117 ad
2912 1050 3270 1117 dominum
3329 1050 3888 1138 gubernatorem,
3943 1070 4055 1113 as-

288 1164 327 1230 5
366 1177 637 1230 serentes
685 1163 914 1229 dictos
961 1162 1398 1229 Cartinacios
1460 1159 1613 1227 fore
1677 1160 1971 1227 Rubeos
2016 1171 2086 1225 et
2132 1160 2287 1225 vele
2347 1159 2629 1224 domum
2680 1178 2916 1224 eorum
2982 1178 3325 1237 corruere,
3390 1157 3824 1244 exortatique
3884 1166 4045 1221 sunt

367 1268 597 1331 irruere
640 1264 731 1330 ad
780 1265 1025 1331 domos
1073 1263 1476 1330 Rubeorum
1523 1275 1593 1329 et
1638 1263 1759 1328 vix
1803 1261 2124 1347 retempti
2173 1270 2352 1328 sunt.
2443 1259 2764 1325 Tandem
2811 1279 2968 1325 cum
2998 1259 3422 1348 gubernator
3454 1258 3544 1325 de
3574 1259 3709 1325 hac
3739 1256 4052 1323 novitate

370 1371 725 1458 scripsisset
771 1370 1187 1449 Mediolani,
1238 1393 1322 1435 ex
1372 1370 1616 1436 litteris
1666 1368 2031 1435 ducalibus
2076 1367 2249 1458 jussi
2295 1378 2457 1432 sunt
2501 1366 2600 1434 ire
2633 1366 3111 1433 Mediolanum
3143 1366 3547 1455 quammulti
3580 1387 3666 1432 ex
3698 1364 3909 1432 dictis
3943 1375 4048 1431 at-

369 1472 709 1540 tinentibus
756 1470 1006 1558 Jacobi
1054 1472 1142 1537 de
1187 1470 1406 1549 Colla,
1456 1470 1576 1558 qui
1623 1491 1816 1536 arma
1864 1480 2217 1554 ceperant.

521 1571 791 1639 Accidit
836 1573 972 1638 hoc
1018 1591 1255 1638 mense
1296 1571 1469 1661 junij
1528 1572 1696 1637 1480
1743 1571 2044 1659 quodam
2089 1570 2335 1635 mirum
2382 1570 2452 1636 in
2505 1591 2674 1659 agro
2720 1568 3084 1637 TrentinO.
3176 1569 3360 1636 Nam
3407 1570 3571 1637 dum
3617 1568 3852 1635 vetula
3883 1589 4056 1656 que-

263 1684 336 1746 10
375 1681 513 1746 dam
550 1678 865 1744 exivisset
925 1678 1300 1758 civitatem,
1360 1679 1541 1744 itura
1602 1680 1694 1745 ad
1755 1678 2058 1766 quodam
2106 1688 2408 1743 castrum
2476 1678 2740 1743 distans
2802 1674 2892 1742 ab
2937 1675 3110 1742 urbe
3168 1695 3297 1763 per
3358 1688 3522 1743 octo
3583 1675 3921 1753 milliaria,
3984 1674 4058 1738 in

366 1787 579 1853 itinere
617 1786 876 1872 reperit
922 1786 1274 1872 quendam
1317 1785 1732 1852 assassinum
1778 1784 1911 1851 sibi
1958 1784 2413 1872 incognitum,
2466 1783 2600 1862 cui,
2645 1794 2725 1850 ut
2785 1784 2878 1850 ad
2938 1784 3203 1851 dictum
3266 1795 3570 1850 castrum
3614 1782 3891 1848 insimul
3938 1803 4058 1848 ac-

367 1894 684 1972 cederent,
745 1914 819 1958 se
881 1892 1326 1960 consociavit.
1418 1892 1738 1978 Cumque
1783 1891 1858 1956 in
1905 1911 2145 1958 nemus
2191 1891 2581 1969 intrassent,
2627 1890 2743 1956 hic
2789 1890 3095 1977 perfidus
3143 1890 3536 1957 nictebatur
3579 1890 3881 1957 vetulam
3925 1907 4056 1975 per

366 2000 549 2067 devia
590 1999 862 2078 ducere,
911 1999 1030 2065 cui
1075 2001 1492 2089 repugnanti
1543 2012 1614 2066 et
1662 1998 2045 2086 obneganti
2105 2010 2369 2065 rectam
2431 1998 2615 2063 viam
2675 1997 2988 2084 linquere
3051 2010 3338 2065 mortem
3394 2011 3499 2065 est
3544 1998 3867 2075 minatus,
3915 1995 4053 2060 nisi

365 2101 485 2167 sibi
526 2122 681 2187 quas
727 2101 1031 2169 habebat
1073 2100 1407 2187 pecunias
1463 2102 1682 2168 daret.
1775 2101 1930 2165 Hec
1992 2098 2219 2167 autem
2281 2111 2571 2165 mortem
2635 2099 2904 2178 timens,
2953 2112 3178 2166 certas
3239 2120 3499 2185 paucas
3559 2098 3895 2186 pecunias
3956 2097 4057 2162 illi

254 2204 324 2272 15
368 2206 573 2272 dedit:
645 2205 787 2284 Qui
850 2207 985 2272 illis
1044 2228 1185 2273 non
1247 2218 1637 2286 contentus,
1700 2207 1935 2296 coegit
1979 2206 2167 2272 illam
2218 2205 2427 2271 fateri
2474 2226 2546 2272 se
2593 2206 2667 2270 in
2713 2206 2998 2272 sotulari
3043 2206 3323 2273 sinistro
3369 2190 3759 2292 reposuisse
3802 2224 4049 2271 aureos

365 2324 513 2378 octo
565 2332 729 2399 quos
792 2312 1072 2379 cuidam
1137 2333 1257 2379 sne
1315 2312 1481 2378 fillie
1540 2333 1882 2399 puerpere
1942 2310 2342 2390 deferebat3
2408 2333 2631 2401 eaque
2678 2322 3110 2399 protestante
3154 2332 3294 2378 non
3340 2311 3594 2378 audere
3657 2331 3744 2377 ex
3807 2310 4049 2377 dolore

367 2408 590 2484 aureo‘s
633 2419 821 2505 ipsos
871 2421 1258 2497 extrahere,
1306 2419 1409 2484 illi
1454 2420 1828 2486 sotularem
1874 2418 2174 2485 evelenti
2238 2430 2311 2485 et
2368 2439 2443 2483 se
2489 2418 2566 2484 in
2612 2429 2868 2485 terram
2930 2418 3371 2505 proclinanti,
3432 2418 3669 2508 gladio
3719 2419 3896 2484 clam
3945 2438 4053 2483 as-

361 2533 610 2606 sumpto
655 2534 891 2608 guttur
934 2522 1180 2589 secuit.
1272 2521 1425 2587 Hec
1474 2541 1640 2587 vero
1687 2521 1937 2586 mulier
1980 2540 2273 2586 cernens
2319 2521 2510 2587 hunc
2557 2519 2880 2587 sicarium
2926 2520 3103 2587 mori
3135 2532 3205 2587 et
3235 2520 3542 2587 sentiens
3573 2520 3941 2606 strepitum
3985 2519 4058 2584 in

361 2647 582 2692 nemus
624 2628 1145 2694 advenientium
1190 2649 1550 2716 equorum,
1598 2628 1898 2695 clamare
1947 2627 2138 2714 cepit
2182 2639 2323 2695 tam
2369 2628 2670 2707 fortiter,
2720 2628 2910 2714 quod
2964 2628 3053 2695 ab
3113 2628 3528 2695 adveniente
3591 2627 3824 2694 nobile
3885 2648 4056 2715 quo-

228 2736 311 2798 20
360 2735 511 2799 dam
549 2756 697 2800 cum
744 2734 975 2801 multis
1022 2736 1303 2802 famulis
1349 2734 1809 2822 equestribus,
1857 2734 1992 2801 sibi
2039 2735 2219 2801 serie
2251 2733 2514 2823 negotij
2547 2736 2920 2821 patefacta,
2965 2735 3085 2802 hic
3119 2734 3395 2816 nobilis,
3443 2735 3743 2821 spoliato
3787 2734 4054 2800 latrone

360 2848 633 2915 mortue,
662 2837 855 2904 illum
882 2838 1225 2904 denudari
1252 2837 1480 2926 jussit,
1515 2836 1629 2902 cui
1662 2848 1767 2902 est
1798 2849 2115 2924 repertus
2147 2837 2432 2925 quidam
2462 2837 2677 2902 zuflus
2719 2836 2796 2901 in
2828 2837 3197 2925 marsupio·
3288 2837 3838 2924 Cognosensque
3869 2838 4055 2902 hunc

360 2942 741 3009 defunctum
786 2944 1059 3009 viarum
1103 2944 1260 3009 fore
1307 2943 1803 3022 insidiatorem,
1851 2942 2191 3008 ordinatis
2238 2944 2331 3009 ad
2378 2942 2536 3007 loca
2581 2954 2652 3008 et
2693 2942 2975 3009 additus
3019 2942 3323 3009 nemoris
3354 2943 3632 3009 famulis
3661 2942 3803 3008 suis
3832 2963 4058 3008 arma-

359 3048 463 3124 tis»,
503 3049 684 3115 facto
730 3069 905 3115 sono
956 3071 1113 3117 cum
1159 3050 1358 3129 zuflo,
1404 3050 1711 3137 undique
1773 3048 2285 3116 concurrebant
2344 3048 2459 3136 alij
2526 3049 2852 3115 assassini
2900 3049 3193 3116 diversis
3237 3070 3328 3116 ex
3374 3049 3683 3136 partibus
3729 3050 4051 3128 nemoris,

358 3162 549 3235 prout
588 3152 896 3218 consueti
945 3153 1244 3230 fuerant,
1293 3171 1467 3237 quos
1515 3172 1755 3217 omnes
1803 3162 2044 3237 captos
2092 3162 2162 3218 et
2206 3150 2531 3236 alligatos
2557 3151 2652 3216 ad
2682 3150 3032 3218 civitatem
3065 3150 3287 3229 duxit,
3321 3152 3442 3238 qui
3476 3151 3778 3218 diversis
3808 3152 4048 3218 affecti

224 3253 311 3319 25
364 3259 710 3324 tormentis
753 3260 973 3326 vitam
1021 3261 1451 3326 emisserunt.
1542 3258 1634 3324 Et
1679 3258 1814 3323 fuit
1861 3258 2134 3336 mirum,
2199 3258 2389 3345 quod
2434 3258 2507 3322 in
2556 3269 2734 3324 totta
2776 3258 2975 3325 Italia
3021 3260 3204 3326 tallis
3236 3259 3452 3346 pestis
3483 3258 3912 3338 sicariorum,
3957 3260 4062 3326 la-

361 3370 614 3425 tronum
658 3373 728 3428 et
773 3362 1275 3428 homicidarum
1322 3362 1663 3447 apparuit,
1712 3361 1803 3427 de
1850 3380 1989 3449 quo
2037 3371 2276 3427 extant
2320 3360 2570 3427 inditia
2615 3361 2807 3427 clara
2850 3360 3052 3427 huius
3097 3362 3283 3427 anni.

523 3467 645 3535 Die
688 3469 856 3558 xxij.
888 3468 1059 3558 junij
1097 3468 1395 3536 decessit
1439 3467 1743 3555 Jacobus
1789 3467 1878 3535 de
1926 3464 2129 3533 Colla
2173 3486 2384 3553 supra
2428 3478 2849 3533 memoratus
2891 3480 2962 3535 et
3005 3469 3406 3536 vulneratus
3438 3468 3714 3537 decimo
3747 3469 3861 3537 die
3893 3490 4055 3556 pre-

356 3573 555 3638 sentis
596 3572 685 3640 ab
728 3596 872 3641 uno
921 3577 1009 3643 de
1056 3575 1477 3655 Cartinacio,
1512 3575 1701 3641 unde
1749 3597 1792 3641 a
1835 3574 2069 3640 multis
2115 3574 2375 3641 dictum
2419 3575 2577 3651 fuit,
2624 3576 2849 3661 ipsum
2897 3575 3115 3641 fuisse
3159 3576 3626 3655 interfectum,
3676 3578 3840 3664 quia
3883 3578 4060 3644 alias

354 3673 647 3744 Bononie
689 3677 1141 3746 homicidium
1186 3677 1562 3744 commissit
1604 3689 1675 3744 et
1720 3678 1886 3764 quia
1930 3678 2001 3742 in
2047 3696 2419 3743 sacomano
2465 3677 2899 3756 Rubeorum,
2946 3678 3245 3746 maxime
3287 3679 3361 3745 in
3406 3679 3736 3747 incendio
3783 3691 3855 3747 et
3899 3701 4060 3767 spo·

228 3780 314 3844 30
360 3779 625 3849 liatione
668 3783 947 3851 abbatie
997 3784 1240 3851 Sancti
1284 3784 1647 3871 johannis,
1680 3782 2094 3850 interfuerat
2137 3797 2206 3850 et
2250 3785 2469 3850 multa
2510 3784 2822 3850 enormia
2868 3785 3372 3863 commisserat3
3423 3798 3494 3853 et
3537 3786 3657 3851 hic
3704 3785 3845 3853 fuit
3888 3808 4065 3852 unus

360 3902 440 3948 ex
480 3884 770 3952 bannitis
816 3905 944 3992 per
985 3886 1405 3952 Bonarelum
1452 3886 1542 3952 de
1588 3897 1785 3972 parte
1833 3885 2278 3975 Corrigiensi.

525 3989 692 4057 Cum
738 3993 969 4059 Rome
1016 3994 1218 4059 fieret
1261 3992 1659 4060 solemnitas
1705 3989 2032 4078 Corporis
2094 3993 2362 4059 domini
2421 3993 2643 4060 nostri
2708 3993 2874 4080 Jesu
2936 3993 3217 4075 Christi,
3280 3995 3478 4082 quasi
3537 4015 3780 4062 omnes
3830 4015 4047 4062 mere·

362 4095 554 4162 trices
593 4098 820 4166 Rome
852 4122 926 4166 se
958 4110 1559 4187 congregaverunt
1592 4099 1665 4163 in
1698 4098 1998 4165 ecclesia
2043 4099 2307 4166 San'cti
2353 4098 2567 4181 Petri,
2601 4101 2861 4187 optime
2908 4113 2979 4167 et
3022 4100 3394 4187 splendide
3440 4113 3684 4168 ornate
3729 4100 4054 4181 vestibus,

357 4201 696 4288 jocalibus,
743 4206 962 4292 perlis
1008 4218 1079 4272 et
1124 4206 1301 4294 aliis,
1350 4227 1521 4293 quas
1565 4226 1806 4272 omnes
1850 4227 2150 4272 summus
2197 4207 2520 4292 pontifex
2551 4207 2898 4273 denudari
2957 4209 3177 4297 jussit,
3224 4229 3312 4273 ex
3372 4207 3623 4295 quibus
3682 4209 4056 4275 extimatur

251 4301 322 4368 35
362 4305 563 4390 ipsum
608 4309 915 4375 lucrasse
960 4306 1335 4374 maximum
1382 4309 1814 4374 thexaurum.

523 4413 729 4480 Sexto
780 4425 852 4481 et
894 4415 1232 4504 vigesimo
1276 4416 1449 4506 junij
1509 4416 1675 4480 1480
1722 4416 1913 4482 facta
1957 4415 2095 4481 fuit
2140 4416 2213 4481 in
2258 4416 2413 4502 ripa
2442 4416 2739 4483 fluminis
2769 4418 3021 4484 Hentie
3068 4428 3372 4484 monstra
3417 4416 3872 4486 ducentorum
3918 4419 4045 4487 du-

366 4517 595 4584 calium
638 4520 1141 4610 armigerorum
1186 4533 1714 4608 preparatorum
1762 4522 1864 4587 ire
1909 4519 2322 4601 Bononiam,
2368 4522 2491 4588 ubi
2535 4536 2639 4590 est
2669 4523 2990 4590 dominus
3033 4522 3388 4590 Robertus
3420 4525 3507 4591 de
3540 4523 3802 4591 Sancto
3835 4524 4052 4593 Seve-

367 4624 520 4703 rino,
562 4638 634 4692 ut
677 4639 866 4694 stent
908 4627 1136 4714 parati
1168 4649 1298 4714 pro
1328 4648 1546 4716 guera
1589 4628 1934 4694 movenda
1978 4648 2244 4695 summo
2291 4630 2630 4715 pontifici,
2678 4630 2797 4717 qui
2843 4630 3139 4697 minatur
3185 4642 3413 4697 castra
3455 4650 3717 4717 ponere
3763 4632 4056 4699 Pisauri.

370 4723 461 4790 Ex
500 4729 822 4813 opposito
863 4751 991 4796 rex
1035 4729 1546 4808 Ferdinandus,
1596 4729 1795 4794 cuius
1839 4741 2087 4819 gentes
2131 4729 2204 4795 in
2250 4750 2422 4818 agro
2471 4730 2764 4798 Senensi
2809 4744 2985 4810 sunt,
3017 4753 3157 4797 una
3189 4752 3346 4798 com
3377 4732 3800 4799 Florentinis
3831 4746 4059 4801 castra

148 4861 165 4874 ·
281 4831 343 4893 40
376 4852 612 4916 ponere
654 4835 943 4903 Civitati
990 4835 1293 4916 Castelli,
1327 4855 1462 4923 que
1507 4847 1611 4901 est
1656 4835 2011 4914 Ecclesie;
2061 4848 2132 4903 et
2161 4836 2249 4903 ab
2283 4837 2494 4903 latere
2542 4837 3013 4905 Romandiole
3047 4837 3330 4905 ducales
3374 4850 3618 4928 gentes
3662 4852 3890 4907 castra
3932 4862 4060 4927 po-

372 4954 517 5000 nere
556 4935 904 5003 debebant
949 4938 1214 5005 Imolle.
1309 4939 1522 5017 Quod
1570 4939 1876 5005 sentiens
1918 4958 2221 5005 summus
2265 4939 2610 5025 pontifex,
2643 4952 2886 5027 gentes
2931 4961 3087 5007 suas
3129 4942 3271 5030 jam
3318 4941 3614 5008 inviatas
3657 4964 3895 5010 versus
3939 4942 4058 5009 Pi-

374 5060 616 5106 saurum
660 5044 1056 5122 revocavit3
1104 5056 1174 5110 et
1217 5057 1464 5132 gentes
1507 5044 1873 5132 armigere,
1931 5064 2066 5132 que
2129 5045 2387 5112 dictam
2450 5057 2824 5113 monstram
2870 5048 3187 5114 fecerant
3246 5048 3525 5128 Hentie,
3579 5069 3857 5116 reverse
3898 5060 4058 5115 sunt

373 5142 446 5207 ad
485 5141 902 5231 logiamenta
943 5145 1017 5210 in
1060 5145 1444 5224 Parmensi,
1489 5159 1729 5232 parate
1773 5148 2082 5234 equitare
2133 5148 2225 5213 ad
2270 5147 2550 5214 ducalia
2594 5147 2942 5215 mandata.
3035 5146 3201 5226 Quo
3247 5170 3512 5216 summo
3561 5151 3889 5236 pontifice
3938 5173 4057 5219 ca-

372 5261 485 5315 stra
521 5249 798 5317 Pisauri
842 5264 1173 5338 ponente,
1219 5253 1294 5318 in
1341 5253 1617 5340 oposito
1663 5253 1975 5341 equitare
2021 5252 2282 5320 habent
2325 5254 2613 5320 ducenti
2677 5254 2961 5321 ducales
3008 5255 3356 5343 armigeri,
3406 5270 3683 5323 centum
3732 5258 4057 5348 armigeri

281 5351 338 5418 45
369 5356 603 5423 domini
651 5358 850 5424 ducis
896 5359 1204 5436 Ferarie,
1252 5372 1533 5426 centum
1563 5359 1889 5448 armigeri
1932 5359 2350 5427 marchionis
2378 5362 2669 5427 Mantue
2701 5373 2773 5428 et
2801 5374 3081 5429 centum
3111 5361 3379 5430 domini
3410 5363 3827 5431 marchionis
3855 5364 4066 5432 Mon-

371 5458 657 5541 tisferati,
704 5461 826 5547 qui
873 5481 1113 5527 omnes
1158 5461 1580 5528 ordinariam
1627 5460 1887 5528 habent
1930 5463 2417 5548 provisionem.

514 5562 822 5653 Magnus
869 5562 1146 5629 Turcus
1192 5583 1348 5630 com
1394 5563 1659 5651 ingenti
1721 5564 1985 5630 navilio
2032 5586 2104 5631 se
2151 5565 2221 5629 in
2267 5567 2439 5632 mari
2503 5566 2804 5635 firmavit
2864 5567 3123 5654 optime
3184 5568 3491 5636 fulcitus,
3580 5569 4059 5650 Dubitabatur,

367 5688 431 5734 ne
474 5671 757 5736 Rodum
805 5681 1220 5749 revertatur,
1267 5670 1665 5758 fammaque
1711 5671 1846 5738 fuit
1891 5670 2232 5760 Venetijs‚
2265 5673 2490 5758 ipsum
2524 5674 2882 5740 Turchum
2928 5694 3003 5741 se
3053 5675 3514 5755 condoluisse,
3560 5676 3874 5743 Venetos
3917 5699 4060 5745 non

362 5771 489 5840 iore
515 5771 585 5839 in
617 5773 768 5861 liga
800 5771 1025 5838 veteri
1055 5770 1441 5838 Mediolani
1472 5784 1541 5839 et
1570 5773 2155 5852 Florentinorum,
2187 5772 2459 5862 illisque
2492 5774 2822 5843 obtulisse
2852 5797 3179 5864 magnum
3213 5779 3564 5845 navilium.
3626 5776 3773 5856 Qui
3800 5779 4061 5847 Veneti

279 5872 330 5942 50
356 5880 581 5971 ubique
630 5881 964 5948 locorum
1008 5877 1083 5943 in
1129 5878 1545 5946 defensione
1592 5900 1834 5946 eorum
1878 5900 1953 5947 se
1997 5894 2584 5968 preparaverunt3
2630 5894 3077 5949 removerunt
3119 5895 3325 5974 atque
3375 5898 3718 5953 oratorem
3772 5907 3967 5953 suum
4016 5907 4062 5958 a

346 5984 733 6056 Mediolano
781 5994 863 6051 et
910 5981 1234 6049 ducalem
1282 5993 1628 6049 oratorem
1674 5981 1997 6074 Venetijs
2039 5983 2508 6051 rescidentem
2553 5983 3144 6055 excomiaverunt.

4151 4120 4306 4174 Mun„
4337 4120 4420 4164 3⁴3
