<?xml version="1.0" encoding="UTF-8"?>
<!DOCTYPE html PUBLIC "-//W3C//DTD XHTML 1.0 Transitional//EN"
    "http://www.w3.org/TR/xhtml1/DTD/xhtml1-transitional.dtd">
<html xmlns="http://www.w3.org/1999/xhtml" xml:lang="en" lang="en">
 <head>
  <title>
</title>
<meta http-equiv="Content-Type" content="text/html;charset=utf-8" />
  <meta name='ocr-system' content='tesseract 3.04.00' />
  <meta name='ocr-capabilities' content='ocr_page ocr_carea ocr_par ocr_line ocrx_word'/>
</head>
<body>
  <div class='ocr_page' id='page_1' title='image "./cronicagestorum00bonagoog_0125.png"; bbox 0 0 4895 7066; ppageno 0'>
   <div class='ocr_carea' id='block_1_1' title="bbox 526 3191 791 3242">
    <p class='ocr_par' dir='ltr' id='par_1_1' title="bbox 526 3191 791 3242">
     <span class='ocr_line' id='line_1_1' title="bbox 526 3191 791 3242; baseline 0.023 -13"><span class='ocrx_word' id='word_1_1' title='bbox 526 3191 679 3242; x_wconf 66' lang='lat' dir='ltr'><strong>Mum,</strong></span> <span class='ocrx_word' id='word_1_2' title='bbox 709 3193 791 3235; x_wconf 79' lang='grc'><strong>385</strong></span> 
     </span>
    </p>
   </div>
   <div class='ocr_carea' id='block_1_2' title="bbox 972 477 4666 560">
    <p class='ocr_par' dir='ltr' id='par_1_2' title="bbox 972 477 4666 560">
     <span class='ocr_line' id='line_1_2' title="bbox 972 477 4666 560; baseline 0.002 -9"><span class='ocrx_word' id='word_1_3' title='bbox 972 477 1116 552; x_wconf 88' lang='grc'><strong>110</strong></span> <span class='ocrx_word' id='word_1_4' title='bbox 2244 480 2726 555; x_wconf 89' lang='lat' dir='ltr'>CRONICA</span> <span class='ocrx_word' id='word_1_5' title='bbox 2782 479 3364 554; x_wconf 90' lang='lat' dir='ltr'>GESTORUM</span> <span class='ocrx_word' id='word_1_6' title='bbox 4069 487 4171 559; x_wconf 79' lang='lat' dir='ltr'><strong>[A-</strong></span> <span class='ocrx_word' id='word_1_7' title='bbox 4215 488 4390 544; x_wconf 75' lang='lat'><strong>1482</strong></span> <span class='ocrx_word' id='word_1_8' title='bbox 4427 488 4666 560; x_wconf 78' lang='lat' dir='ltr'><strong>giugno]</strong></span> 
     </span>
    </p>
   </div>
   <div class='ocr_carea' id='block_1_3' title="bbox 3760 618 3851 627">
    <p class='ocr_par' dir='ltr' id='par_1_3' title="bbox 3760 618 3851 627">
     <span class='ocr_line' id='line_1_3' title="bbox 3760 618 3851 627; baseline -0.011 0"><span class='ocrx_word' id='word_1_9' title='bbox 3760 618 3851 627; x_wconf 60' lang='grc' dir='ltr'><strong><em>..ο-...ο</em></strong></span> 
     </span>
    </p>
   </div>
   <div class='ocr_carea' id='block_1_4' title="bbox 3852 617 4074 627">
    <p class='ocr_par' dir='ltr' id='par_1_4' title="bbox 3852 617 4074 627">
     <span class='ocr_line' id='line_1_4' title="bbox 3852 617 4074 627; baseline 0 6439"><span class='ocrx_word' id='word_1_10' title='bbox 3852 617 4074 627; x_wconf 95' lang='lat' dir='ltr'><strong> </strong></span> 
     </span>
    </p>
   </div>
   <div class='ocr_carea' id='block_1_5' title="bbox 4166 617 4663 628">
    <p class='ocr_par' dir='ltr' id='par_1_5' title="bbox 4166 617 4663 628">
     <span class='ocr_line' id='line_1_5' title="bbox 4166 617 4663 628; baseline 0 6438"><span class='ocrx_word' id='word_1_11' title='bbox 4166 617 4663 628; x_wconf 95' lang='lat' dir='ltr'><strong> </strong></span> 
     </span>
    </p>
   </div>
   <div class='ocr_carea' id='block_1_6' title="bbox 3457 619 3759 628">
    <p class='ocr_par' dir='ltr' id='par_1_6' title="bbox 3457 619 3759 628">
     <span class='ocr_line' id='line_1_6' title="bbox 3457 619 3759 628; baseline 0 6438"><span class='ocrx_word' id='word_1_12' title='bbox 3457 619 3759 628; x_wconf 95' lang='lat' dir='ltr'><strong> </strong></span> 
     </span>
    </p>
   </div>
   <div class='ocr_carea' id='block_1_7' title="bbox 2861 618 3069 629">
    <p class='ocr_par' dir='ltr' id='par_1_7' title="bbox 2861 618 3069 629">
     <span class='ocr_line' id='line_1_7' title="bbox 2861 618 3069 629; baseline 0 6437"><span class='ocrx_word' id='word_1_13' title='bbox 2861 618 3069 629; x_wconf 95' lang='lat' dir='ltr'><strong> </strong></span> 
     </span>
    </p>
   </div>
   <div class='ocr_carea' id='block_1_8' title="bbox 3082 620 3339 629">
    <p class='ocr_par' dir='ltr' id='par_1_8' title="bbox 3082 620 3339 629">
     <span class='ocr_line' id='line_1_8' title="bbox 3082 620 3339 629; baseline 0 6437"><span class='ocrx_word' id='word_1_14' title='bbox 3082 620 3339 629; x_wconf 95' lang='lat' dir='ltr'><strong> </strong></span> 
     </span>
    </p>
   </div>
   <div class='ocr_carea' id='block_1_9' title="bbox 3340 619 3454 628">
    <p class='ocr_par' dir='ltr' id='par_1_9' title="bbox 3340 619 3454 628">
     <span class='ocr_line' id='line_1_9' title="bbox 3340 619 3454 628; baseline 0 0"><span class='ocrx_word' id='word_1_15' title='bbox 3340 619 3454 628; x_wconf 60' lang='lat' dir='ltr'><strong>m·-</strong></span> 
     </span>
    </p>
   </div>
   <div class='ocr_carea' id='block_1_10' title="bbox 955 618 1262 628">
    <p class='ocr_par' dir='ltr' id='par_1_10' title="bbox 955 618 1262 628">
     <span class='ocr_line' id='line_1_10' title="bbox 955 618 1262 628; baseline 0 6438"><span class='ocrx_word' id='word_1_16' title='bbox 955 618 1262 628; x_wconf 95' lang='lat' dir='ltr'><strong> </strong></span> 
     </span>
    </p>
   </div>
   <div class='ocr_carea' id='block_1_11' title="bbox 1263 618 2275 629">
    <p class='ocr_par' dir='ltr' id='par_1_11' title="bbox 1263 618 2275 629">
     <span class='ocr_line' id='line_1_11' title="bbox 1263 618 2275 629; baseline 0.002 -2"><span class='ocrx_word' id='word_1_17' title='bbox 1263 618 2252 629; x_wconf 54' lang='lat' dir='ltr'><strong>owmfflmmmmm-n</strong></span> <span class='ocrx_word' id='word_1_18' title='bbox 2256 621 2275 629; x_wconf 78' lang='lat'><strong>.-</strong></span> 
     </span>
    </p>
   </div>
   <div class='ocr_carea' id='block_1_12' title="bbox 2290 619 2497 629">
    <p class='ocr_par' dir='ltr' id='par_1_12' title="bbox 2290 619 2497 629">
     <span class='ocr_line' id='line_1_12' title="bbox 2290 619 2497 629; baseline 0 6437"><span class='ocrx_word' id='word_1_19' title='bbox 2290 619 2497 629; x_wconf 95' lang='lat' dir='ltr'><strong> </strong></span> 
     </span>
    </p>
   </div>
   <div class='ocr_carea' id='block_1_13' title="bbox 2500 620 2859 630">
    <p class='ocr_par' dir='ltr' id='par_1_13' title="bbox 2500 620 2859 630">
     <span class='ocr_line' id='line_1_13' title="bbox 2500 620 2859 630; baseline 0 -1"><span class='ocrx_word' id='word_1_20' title='bbox 2500 620 2789 630; x_wconf 54' lang='lat' dir='ltr'><strong>mom-..oanan-</strong></span> <span class='ocrx_word' id='word_1_21' title='bbox 2791 620 2859 629; x_wconf 66' lang='lat' dir='ltr'><strong>..o-0-</strong></span> 
     </span>
    </p>
   </div>
   <div class='ocr_carea' id='block_1_14' title="bbox 911 728 4776 5635">
    <p class='ocr_par' dir='ltr' id='par_1_14' title="bbox 952 728 4669 1032">
     <span class='ocr_line' id='line_1_14' title="bbox 953 728 4666 820; baseline 0 -23"><span class='ocrx_word' id='word_1_22' title='bbox 953 750 1088 818; x_wconf 91' lang='lat' dir='ltr'><strong>que</strong></span> <span class='ocrx_word' id='word_1_23' title='bbox 1133 730 1264 797; x_wconf 88' lang='lat' dir='ltr'><strong>sibi</strong></span> <span class='ocrx_word' id='word_1_24' title='bbox 1312 728 1738 798; x_wconf 85' lang='lat' dir='ltr'><strong>ducebantur</strong></span> <span class='ocrx_word' id='word_1_25' title='bbox 1784 753 1828 798; x_wconf 90' lang='lat' dir='ltr'><strong>a</strong></span> <span class='ocrx_word' id='word_1_26' title='bbox 1870 730 2142 799; x_wconf 90' lang='lat' dir='ltr'><strong>Parma.</strong></span> <span class='ocrx_word' id='word_1_27' title='bbox 2236 733 2392 801; x_wconf 93' lang='lat' dir='ltr'><strong>Hoc</strong></span> <span class='ocrx_word' id='word_1_28' title='bbox 2439 741 2646 820; x_wconf 87' lang='lat' dir='ltr'><strong>atque</strong></span> <span class='ocrx_word' id='word_1_29' title='bbox 2692 730 2925 798; x_wconf 90' lang='lat' dir='ltr'><strong>medio</strong></span> <span class='ocrx_word' id='word_1_30' title='bbox 2987 729 3395 798; x_wconf 90' lang='lat' dir='ltr'><strong>Parmenses</strong></span> <span class='ocrx_word' id='word_1_31' title='bbox 3456 741 3790 817; x_wconf 89' lang='lat' dir='ltr'><strong>ceperunt</strong></span> <span class='ocrx_word' id='word_1_32' title='bbox 3833 731 4002 795; x_wconf 84' lang='lat' dir='ltr'><strong>fena</strong></span> <span class='ocrx_word' id='word_1_33' title='bbox 4046 742 4116 797; x_wconf 91' lang='lat' dir='ltr'><strong>et</strong></span> <span class='ocrx_word' id='word_1_34' title='bbox 4157 729 4379 796; x_wconf 90' lang='lat' dir='ltr'><strong>blada</strong></span> <span class='ocrx_word' id='word_1_35' title='bbox 4437 750 4666 798; x_wconf 89' lang='lat' dir='ltr'><strong>secare</strong></span> 
     </span>
     <span class='ocr_line' id='line_1_15' title="bbox 954 835 4669 926; baseline 0.001 -23"><span class='ocrx_word' id='word_1_36' title='bbox 954 849 1027 904; x_wconf 92' lang='lat' dir='ltr'><strong>et</strong></span> <span class='ocrx_word' id='word_1_37' title='bbox 1070 848 1145 903; x_wconf 91' lang='lat' dir='ltr'><strong>ut</strong></span> <span class='ocrx_word' id='word_1_38' title='bbox 1189 836 1458 904; x_wconf 91' lang='lat' dir='ltr'><strong>mellius</strong></span> <span class='ocrx_word' id='word_1_39' title='bbox 1497 850 1820 925; x_wconf 88' lang='lat' dir='ltr'><strong>poterant</strong></span> <span class='ocrx_word' id='word_1_40' title='bbox 1864 858 1950 903; x_wconf 89' lang='lat' dir='ltr'><strong>ea</strong></span> <span class='ocrx_word' id='word_1_41' title='bbox 1993 838 2064 904; x_wconf 90' lang='lat' dir='ltr'><strong>in</strong></span> <span class='ocrx_word' id='word_1_42' title='bbox 2111 838 2386 906; x_wconf 84' lang='lat' dir='ltr'><strong>civitate</strong></span> <span class='ocrx_word' id='word_1_43' title='bbox 2431 838 2757 907; x_wconf 84' lang='lat' dir='ltr'><strong>vehendo</strong></span> <span class='ocrx_word' id='word_1_44' title='bbox 2771 862 2790 917; x_wconf 86' lang='lat'><em>3</em></span> <span class='ocrx_word' id='word_1_45' title='bbox 2824 838 2993 904; x_wconf 83' lang='lat' dir='ltr'><strong>fena</strong></span> <span class='ocrx_word' id='word_1_46' title='bbox 3037 850 3266 904; x_wconf 89' lang='lat' dir='ltr'><strong>autem</strong></span> <span class='ocrx_word' id='word_1_47' title='bbox 3310 850 3515 925; x_wconf 90' lang='lat' dir='ltr'><strong>atque</strong></span> <span class='ocrx_word' id='word_1_48' title='bbox 3562 835 3772 904; x_wconf 89' lang='lat' dir='ltr'><strong>blada</strong></span> <span class='ocrx_word' id='word_1_49' title='bbox 3815 835 4223 906; x_wconf 91' lang='lat' dir='ltr'><strong>Rubeorum</strong></span> <span class='ocrx_word' id='word_1_50' title='bbox 4272 857 4319 902; x_wconf 91' lang='lat' dir='ltr'><strong>a</strong></span> <span class='ocrx_word' id='word_1_51' title='bbox 4361 835 4669 926; x_wconf 86' lang='lat' dir='ltr'><strong>gentibus</strong></span> 
     </span>
     <span class='ocr_line' id='line_1_16' title="bbox 952 941 2834 1032; baseline 0.002 -24"><span class='ocrx_word' id='word_1_52' title='bbox 952 941 1335 1010; x_wconf 91' lang='lat' dir='ltr'><strong>ducallibus</strong></span> <span class='ocrx_word' id='word_1_53' title='bbox 1380 956 1463 1015; x_wconf 80' lang='lat' dir='ltr'><strong>et</strong></span> <span class='ocrx_word' id='word_1_54' title='bbox 1495 965 1539 1010; x_wconf 90' lang='lat' dir='ltr'><strong>a</strong></span> <span class='ocrx_word' id='word_1_55' title='bbox 1581 943 1794 1011; x_wconf 89' lang='lat' dir='ltr'><strong>tribus</strong></span> <span class='ocrx_word' id='word_1_56' title='bbox 1838 944 2152 1032; x_wconf 84' lang='lat' dir='ltr'><strong>squadris</strong></span> <span class='ocrx_word' id='word_1_57' title='bbox 2197 943 2834 1013; x_wconf 87' lang='lat' dir='ltr'><strong>sacomanabantur.</strong></span> 
     </span>
    </p>

    <p class='ocr_par' dir='ltr' id='par_1_15' title="bbox 947 1049 4776 1565">
     <span class='ocr_line' id='line_1_17' title="bbox 1126 1049 4665 1142; baseline 0 -25"><span class='ocrx_word' id='word_1_58' title='bbox 1126 1050 1485 1139; x_wconf 89' lang='lat' dir='ltr'><strong>Vigesimo</strong></span> <span class='ocrx_word' id='word_1_59' title='bbox 1532 1052 1840 1118; x_wconf 88' lang='lat' dir='ltr'><strong>secundo</strong></span> <span class='ocrx_word' id='word_1_60' title='bbox 1884 1051 2055 1142; x_wconf 81' lang='lat' dir='ltr'><strong>junij</strong></span> <span class='ocrx_word' id='word_1_61' title='bbox 2106 1052 2380 1119; x_wconf 83' lang='lat' dir='ltr'><strong>illustris</strong></span> <span class='ocrx_word' id='word_1_62' title='bbox 2427 1052 2744 1118; x_wconf 90' lang='lat' dir='ltr'><strong>dominus</strong></span> <span class='ocrx_word' id='word_1_63' title='bbox 2787 1049 3141 1119; x_wconf 89' lang='lat' dir='ltr'><strong>Robertus</strong></span> <span class='ocrx_word' id='word_1_64' title='bbox 3186 1052 3275 1118; x_wconf 91' lang='lat' dir='ltr'><strong>de</strong></span> <span class='ocrx_word' id='word_1_65' title='bbox 3325 1051 3584 1118; x_wconf 89' lang='lat' dir='ltr'><strong>Sancto</strong></span> <span class='ocrx_word' id='word_1_66' title='bbox 3632 1050 3966 1118; x_wconf 85' lang='lat' dir='ltr'><strong>Severino</strong></span> <span class='ocrx_word' id='word_1_67' title='bbox 3999 1073 4137 1118; x_wconf 90' lang='lat' dir='ltr'><strong>una</strong></span> <span class='ocrx_word' id='word_1_68' title='bbox 4167 1071 4333 1118; x_wconf 91' lang='lat' dir='ltr'><strong>com</strong></span> <span class='ocrx_word' id='word_1_69' title='bbox 4363 1051 4665 1138; x_wconf 85' lang='lat' dir='ltr'><strong>proviso·</strong></span> 
     </span>
     <span class='ocr_line' id='line_1_18' title="bbox 947 1154 4776 1250; baseline 0.002 -31"><span class='ocrx_word' id='word_1_70' title='bbox 947 1154 1136 1222; x_wconf 91' lang='lat' dir='ltr'><strong>ribus</strong></span> <span class='ocrx_word' id='word_1_71' title='bbox 1181 1156 1465 1249; x_wconf 86' lang='lat' dir='ltr'><strong>dominij</strong></span> <span class='ocrx_word' id='word_1_72' title='bbox 1515 1157 1963 1237; x_wconf 84' lang='lat' dir='ltr'><strong>Venetorum,</strong></span> <span class='ocrx_word' id='word_1_73' title='bbox 2011 1158 2129 1246; x_wconf 90' lang='lat' dir='ltr'><strong>qui</strong></span> <span class='ocrx_word' id='word_1_74' title='bbox 2170 1160 2313 1250; x_wconf 86' lang='lat' dir='ltr'><strong>jam</strong></span> <span class='ocrx_word' id='word_1_75' title='bbox 2359 1157 2573 1227; x_wconf 89' lang='lat' dir='ltr'><strong>multo</strong></span> <span class='ocrx_word' id='word_1_76' title='bbox 2636 1170 2948 1246; x_wconf 89' lang='lat' dir='ltr'><strong>tempore</strong></span> <span class='ocrx_word' id='word_1_77' title='bbox 3010 1157 3563 1225; x_wconf 86' lang='lat' dir='ltr'><strong>ellaboraverant</strong></span> <span class='ocrx_word' id='word_1_78' title='bbox 3622 1177 3777 1224; x_wconf 91' lang='lat' dir='ltr'><strong>com</strong></span> <span class='ocrx_word' id='word_1_79' title='bbox 3843 1158 4029 1225; x_wconf 92' lang='lat' dir='ltr'><strong>omni</strong></span> <span class='ocrx_word' id='word_1_80' title='bbox 4072 1178 4196 1225; x_wconf 91' lang='lat' dir='ltr'><strong>suo</strong></span> <span class='ocrx_word' id='word_1_81' title='bbox 4246 1158 4560 1224; x_wconf 82' lang='lat' dir='ltr'><strong>exercitu</strong></span> <span class='ocrx_word' id='word_1_82' title='bbox 4602 1171 4668 1224; x_wconf 93' lang='lat' dir='ltr'><strong>et</strong></span> <span class='ocrx_word' id='word_1_83' title='bbox 4744 1159 4776 1225; x_wconf 90' lang='lat'>5</span> 
     </span>
     <span class='ocr_line' id='line_1_19' title="bbox 949 1262 4664 1354; baseline 0.001 -26"><span class='ocrx_word' id='word_1_84' title='bbox 949 1281 1105 1329; x_wconf 91' lang='lat' dir='ltr'><strong>com</strong></span> <span class='ocrx_word' id='word_1_85' title='bbox 1150 1262 1397 1329; x_wconf 90' lang='lat' dir='ltr'><strong>ictibus</strong></span> <span class='ocrx_word' id='word_1_86' title='bbox 1439 1264 1800 1352; x_wconf 80' lang='lat' dir='ltr'><strong>plusquam</strong></span> <span class='ocrx_word' id='word_1_87' title='bbox 1848 1264 2115 1332; x_wconf 92' lang='lat' dir='ltr'><strong>duobus</strong></span> <span class='ocrx_word' id='word_1_88' title='bbox 2159 1265 2348 1336; x_wconf 88' lang='lat' dir='ltr'><strong>mille</strong></span> <span class='ocrx_word' id='word_1_89' title='bbox 2395 1264 2927 1332; x_wconf 87' lang='lat' dir='ltr'><strong>bombardarum</strong></span> <span class='ocrx_word' id='word_1_90' title='bbox 2976 1277 3218 1331; x_wconf 89' lang='lat' dir='ltr'><strong>contra</strong></span> <span class='ocrx_word' id='word_1_91' title='bbox 3263 1265 3657 1354; x_wconf 83' lang='lat' dir='ltr'><strong>Figarolum</strong></span> <span class='ocrx_word' id='word_1_92' title='bbox 3704 1265 3988 1353; x_wconf 88' lang='lat' dir='ltr'><strong>opidum</strong></span> <span class='ocrx_word' id='word_1_93' title='bbox 4048 1265 4466 1333; x_wconf 88' lang='lat' dir='ltr'><strong>Ferariense</strong></span> <span class='ocrx_word' id='word_1_94' title='bbox 4527 1286 4664 1331; x_wconf 91' lang='lat' dir='ltr'><strong>mu-</strong></span> 
     </span>
     <span class='ocr_line' id='line_1_20' title="bbox 947 1368 4664 1461; baseline 0.001 -27"><span class='ocrx_word' id='word_1_95' title='bbox 947 1368 1370 1451; x_wconf 89' lang='lat' dir='ltr'><strong>nitissimum,</strong></span> <span class='ocrx_word' id='word_1_96' title='bbox 1417 1369 1535 1438; x_wconf 90' lang='lat' dir='ltr'><strong>ubi</strong></span> <span class='ocrx_word' id='word_1_97' title='bbox 1579 1371 1835 1438; x_wconf 90' lang='lat' dir='ltr'><strong>flumen</strong></span> <span class='ocrx_word' id='word_1_98' title='bbox 1877 1371 2054 1438; x_wconf 91' lang='lat' dir='ltr'><strong>Padi</strong></span> <span class='ocrx_word' id='word_1_99' title='bbox 2102 1371 2569 1453; x_wconf 88' lang='lat' dir='ltr'><strong>catenabatur,</strong></span> <span class='ocrx_word' id='word_1_100' title='bbox 2615 1372 2683 1439; x_wconf 85' lang='lat' dir='ltr'><strong>vi</strong></span> <span class='ocrx_word' id='word_1_101' title='bbox 2730 1384 2802 1439; x_wconf 90' lang='lat' dir='ltr'><strong>et</strong></span> <span class='ocrx_word' id='word_1_102' title='bbox 2845 1384 3110 1438; x_wconf 88' lang='lat' dir='ltr'><strong>armata</strong></span> <span class='ocrx_word' id='word_1_103' title='bbox 3151 1394 3359 1438; x_wconf 90' lang='lat' dir='ltr'><strong>manu</strong></span> <span class='ocrx_word' id='word_1_104' title='bbox 3389 1371 3562 1439; x_wconf 90' lang='lat' dir='ltr'><strong>illud</strong></span> <span class='ocrx_word' id='word_1_105' title='bbox 3594 1370 3905 1453; x_wconf 83' lang='lat' dir='ltr'><strong>obtinuit,</strong></span> <span class='ocrx_word' id='word_1_106' title='bbox 3954 1372 4025 1438; x_wconf 91' lang='lat' dir='ltr'><strong>in</strong></span> <span class='ocrx_word' id='word_1_107' title='bbox 4069 1373 4370 1461; x_wconf 87' lang='lat' dir='ltr'>predam</span> <span class='ocrx_word' id='word_1_108' title='bbox 4413 1371 4664 1459; x_wconf 86' lang='lat' dir='ltr'><strong>stipen-</strong></span> 
     </span>
     <span class='ocr_line' id='line_1_21' title="bbox 950 1475 2753 1565; baseline 0.002 -23"><span class='ocrx_word' id='word_1_109' title='bbox 950 1475 1145 1565; x_wconf 77' lang='lat' dir='ltr'><strong>dian]</strong></span> <span class='ocrx_word' id='word_1_110' title='bbox 1153 1498 1186 1542; x_wconf 89' lang='lat' dir='ltr'><strong>s</strong></span> <span class='ocrx_word' id='word_1_111' title='bbox 1232 1476 1465 1544; x_wconf 88' lang='lat' dir='ltr'><strong>datum</strong></span> <span class='ocrx_word' id='word_1_112' title='bbox 1511 1490 1583 1544; x_wconf 91' lang='lat' dir='ltr'><strong>et</strong></span> <span class='ocrx_word' id='word_1_113' title='bbox 1628 1479 1939 1544; x_wconf 91' lang='lat' dir='ltr'><strong>mactatis</strong></span> <span class='ocrx_word' id='word_1_114' title='bbox 1986 1477 2299 1546; x_wconf 88' lang='lat' dir='ltr'><strong>omnibus</strong></span> <span class='ocrx_word' id='word_1_115' title='bbox 2343 1477 2753 1546; x_wconf 81' lang='lat' dir='ltr'><strong>forensibus.</strong></span> 
     </span>
    </p>

    <p class='ocr_par' dir='ltr' id='par_1_16' title="bbox 942 1583 4772 1989">
     <span class='ocr_line' id='line_1_22' title="bbox 1123 1583 4661 1680; baseline 0.001 -31"><span class='ocrx_word' id='word_1_116' title='bbox 1123 1583 1254 1649; x_wconf 90' lang='lat' dir='ltr'><strong>Die</strong></span> <span class='ocrx_word' id='word_1_117' title='bbox 1299 1583 1611 1669; x_wconf 82' lang='lat' dir='ltr'>proxime</span> <span class='ocrx_word' id='word_1_118' title='bbox 1658 1585 1846 1651; x_wconf 90' lang='lat' dir='ltr'><strong>dicta</strong></span> <span class='ocrx_word' id='word_1_119' title='bbox 1892 1585 2295 1674; x_wconf 82' lang='lat' dir='ltr'><strong>magnificus</strong></span> <span class='ocrx_word' id='word_1_120' title='bbox 2341 1583 2658 1652; x_wconf 89' lang='lat' dir='ltr'><strong>dominus</strong></span> <span class='ocrx_word' id='word_1_121' title='bbox 2701 1586 3161 1653; x_wconf 85' lang='lat' dir='ltr'><strong>Petrusmaria</strong></span> <span class='ocrx_word' id='word_1_122' title='bbox 3219 1586 3508 1654; x_wconf 91' lang='lat' dir='ltr'><strong>Rubeus</strong></span> <span class='ocrx_word' id='word_1_123' title='bbox 3553 1587 3853 1654; x_wconf 79' lang='lat' dir='ltr'><strong>existens</strong></span> <span class='ocrx_word' id='word_1_124' title='bbox 3896 1587 3967 1653; x_wconf 90' lang='lat' dir='ltr'><strong>in</strong></span> <span class='ocrx_word' id='word_1_125' title='bbox 3987 1586 4280 1680; x_wconf 46' lang='lat' dir='ltr'><strong>XSancto</strong></span> <span class='ocrx_word' id='word_1_126' title='bbox 4345 1585 4661 1653; x_wconf 72' lang='lat' dir='ltr'><strong>Sectmdo</strong></span> 
     </span>
     <span class='ocr_line' id='line_1_23' title="bbox 947 1687 4772 1779; baseline 0.001 -26"><span class='ocrx_word' id='word_1_127' title='bbox 947 1700 1017 1754; x_wconf 87' lang='lat' dir='ltr'><strong>et</strong></span> <span class='ocrx_word' id='word_1_128' title='bbox 1060 1687 1306 1756; x_wconf 85' lang='lat' dir='ltr'><strong>videns</strong></span> <span class='ocrx_word' id='word_1_129' title='bbox 1353 1690 1676 1757; x_wconf 90' lang='lat' dir='ltr'><strong>comitem</strong></span> <span class='ocrx_word' id='word_1_130' title='bbox 1722 1690 2062 1779; x_wconf 90' lang='lat' dir='ltr'><strong>Jacobum</strong></span> <span class='ocrx_word' id='word_1_131' title='bbox 2094 1691 2185 1757; x_wconf 90' lang='lat' dir='ltr'><strong>de</strong></span> <span class='ocrx_word' id='word_1_132' title='bbox 2218 1690 2477 1760; x_wconf 82' lang='lat' dir='ltr'><strong>Sancto</strong></span> <span class='ocrx_word' id='word_1_133' title='bbox 2509 1691 2748 1760; x_wconf 89' lang='lat' dir='ltr'><strong>Vitalli</strong></span> <span class='ocrx_word' id='word_1_134' title='bbox 2777 1693 3129 1760; x_wconf 91' lang='lat' dir='ltr'><strong>dominum</strong></span> <span class='ocrx_word' id='word_1_135' title='bbox 3159 1694 3612 1760; x_wconf 88' lang='lat' dir='ltr'><strong>Fontanelate</strong></span> <span class='ocrx_word' id='word_1_136' title='bbox 3660 1693 3994 1760; x_wconf 83' lang='lat' dir='ltr'><strong>exercitui</strong></span> <span class='ocrx_word' id='word_1_137' title='bbox 4025 1691 4290 1759; x_wconf 89' lang='lat' dir='ltr'><strong>ducalli</strong></span> <span class='ocrx_word' id='word_1_138' title='bbox 4316 1692 4661 1758; x_wconf 79' lang='lat' dir='ltr'><strong>victualias</strong></span> <span class='ocrx_word' id='word_1_139' title='bbox 4705 1694 4772 1758; x_wconf 89' lang='lat'><strong>10</strong></span> 
     </span>
     <span class='ocr_line' id='line_1_24' title="bbox 943 1783 4660 1888; baseline 0.002 -29"><span class='ocrx_word' id='word_1_140' title='bbox 943 1795 1321 1882; x_wconf 82' lang='lat' dir='ltr'>porrigere,</span> <span class='ocrx_word' id='word_1_141' title='bbox 1369 1795 1615 1865; x_wconf 85' lang='lat' dir='ltr'><strong>invasit</strong></span> <span class='ocrx_word' id='word_1_142' title='bbox 1657 1797 1857 1864; x_wconf 84' lang='lat' dir='ltr'><strong>villas</strong></span> <span class='ocrx_word' id='word_1_143' title='bbox 1900 1797 2376 1879; x_wconf 82' lang='lat' dir='ltr'><strong>Fontanelate,</strong></span> <span class='ocrx_word' id='word_1_144' title='bbox 2410 1817 2531 1864; x_wconf 87' lang='lat' dir='ltr'><strong>eas</strong></span> <span class='ocrx_word' id='word_1_145' title='bbox 2563 1783 2991 1879; x_wconf 89' lang='lat' dir='ltr'><strong>derobando,</strong></span> <span class='ocrx_word' id='word_1_146' title='bbox 3027 1799 3337 1888; x_wconf 86' lang='lat' dir='ltr'><strong>captivos</strong></span> <span class='ocrx_word' id='word_1_147' title='bbox 3383 1800 3727 1887; x_wconf 88' lang='lat' dir='ltr'><strong>capiendo</strong></span> <span class='ocrx_word' id='word_1_148' title='bbox 3775 1814 3846 1866; x_wconf 79' lang='lat' dir='ltr'><strong>et</strong></span> <span class='ocrx_word' id='word_1_149' title='bbox 3891 1799 4123 1866; x_wconf 87' lang='lat' dir='ltr'><strong>omnia</strong></span> <span class='ocrx_word' id='word_1_150' title='bbox 4166 1800 4343 1866; x_wconf 77' lang='lat' dir='ltr'><strong>fena</strong></span> <span class='ocrx_word' id='word_1_151' title='bbox 4371 1798 4660 1885; x_wconf 84' lang='lat' dir='ltr'><strong>reposita</strong></span> 
     </span>
     <span class='ocr_line' id='line_1_25' title="bbox 942 1899 1547 1989; baseline 0.013 -26"><span class='ocrx_word' id='word_1_152' title='bbox 942 1899 1103 1989; x_wconf 85' lang='lat' dir='ltr'><strong>igne</strong></span> <span class='ocrx_word' id='word_1_153' title='bbox 1152 1903 1547 1971; x_wconf 87' lang='lat' dir='ltr'><strong>cremando.</strong></span> 
     </span>
    </p>

    <p class='ocr_par' dir='ltr' id='par_1_17' title="bbox 936 2003 4758 3278">
     <span class='ocr_line' id='line_1_26' title="bbox 1120 2003 4653 2102; baseline 0.002 -29"><span class='ocrx_word' id='word_1_154' title='bbox 1120 2008 1274 2074; x_wconf 94' lang='lat' dir='ltr'><strong>Hac</strong></span> <span class='ocrx_word' id='word_1_155' title='bbox 1321 2009 1527 2076; x_wconf 85' lang='lat' dir='ltr'><strong>etiam</strong></span> <span class='ocrx_word' id='word_1_156' title='bbox 1574 2010 1689 2077; x_wconf 90' lang='lat' dir='ltr'><strong>die</strong></span> <span class='ocrx_word' id='word_1_157' title='bbox 1735 2003 2057 2099; x_wconf 77' lang='lat' dir='ltr'><strong>quoniam</strong></span> <span class='ocrx_word' id='word_1_158' title='bbox 2102 2011 2346 2080; x_wconf 83' lang='lat' dir='ltr'><strong>infiniti</strong></span> <span class='ocrx_word' id='word_1_159' title='bbox 2379 2012 2566 2080; x_wconf 82' lang='lat' dir='ltr'><strong>cives</strong></span> <span class='ocrx_word' id='word_1_160' title='bbox 2595 2011 2847 2078; x_wconf 87' lang='lat' dir='ltr'><strong>Parme</strong></span> <span class='ocrx_word' id='word_1_161' title='bbox 2894 2013 2984 2079; x_wconf 94' lang='lat' dir='ltr'><strong>de</strong></span> <span class='ocrx_word' id='word_1_162' title='bbox 3030 2014 3331 2102; x_wconf 88' lang='lat' dir='ltr'><strong>squadra</strong></span> <span class='ocrx_word' id='word_1_163' title='bbox 3357 2014 3613 2082; x_wconf 86' lang='lat' dir='ltr'><strong>Rubea</strong></span> <span class='ocrx_word' id='word_1_164' title='bbox 3655 2026 3843 2080; x_wconf 92' lang='lat' dir='ltr'><strong>metu</strong></span> <span class='ocrx_word' id='word_1_165' title='bbox 3887 2014 4026 2081; x_wconf 84' lang='lat' dir='ltr'><strong>vite</strong></span> <span class='ocrx_word' id='word_1_166' title='bbox 4072 2024 4145 2079; x_wconf 91' lang='lat' dir='ltr'><strong>et</strong></span> <span class='ocrx_word' id='word_1_167' title='bbox 4189 2011 4546 2080; x_wconf 88' lang='lat' dir='ltr'><strong>sacomani</strong></span> <span class='ocrx_word' id='word_1_168' title='bbox 4572 2010 4653 2079; x_wconf 91' lang='lat' dir='ltr'><strong>ab</strong></span> 
     </span>
     <span class='ocr_line' id='line_1_27' title="bbox 942 2112 4655 2208; baseline 0.002 -31"><span class='ocrx_word' id='word_1_169' title='bbox 942 2112 1155 2180; x_wconf 89' lang='lat' dir='ltr'><strong>tribus</strong></span> <span class='ocrx_word' id='word_1_170' title='bbox 1198 2116 1533 2203; x_wconf 84' lang='lat' dir='ltr'><strong>squadris,</strong></span> <span class='ocrx_word' id='word_1_171' title='bbox 1595 2130 2026 2185; x_wconf 87' lang='lat' dir='ltr'><strong>recesserant</strong></span> <span class='ocrx_word' id='word_1_172' title='bbox 2070 2119 2160 2186; x_wconf 85' lang='lat' dir='ltr'><strong>de</strong></span> <span class='ocrx_word' id='word_1_173' title='bbox 2209 2119 2508 2200; x_wconf 77' lang='lat' dir='ltr'><strong>civitate,</strong></span> <span class='ocrx_word' id='word_1_174' title='bbox 2553 2130 2748 2207; x_wconf 88' lang='lat' dir='ltr'><strong>parte</strong></span> <span class='ocrx_word' id='word_1_175' title='bbox 2812 2120 3067 2187; x_wconf 91' lang='lat' dir='ltr'><strong>ducalli</strong></span> <span class='ocrx_word' id='word_1_176' title='bbox 3114 2122 3375 2188; x_wconf 85' lang='lat' dir='ltr'><strong>factum</strong></span> <span class='ocrx_word' id='word_1_177' title='bbox 3420 2122 3552 2188; x_wconf 82' lang='lat' dir='ltr'><strong>fuit</strong></span> <span class='ocrx_word' id='word_1_178' title='bbox 3594 2121 3950 2208; x_wconf 89' lang='lat' dir='ltr'><strong>proclama</strong></span> <span class='ocrx_word' id='word_1_179' title='bbox 3996 2121 4087 2189; x_wconf 87' lang='lat' dir='ltr'><strong>ad</strong></span> <span class='ocrx_word' id='word_1_180' title='bbox 4134 2141 4548 2208; x_wconf 87' lang='lat' dir='ltr'><strong>campanam</strong></span> <span class='ocrx_word' id='word_1_181' title='bbox 4590 2119 4655 2184; x_wconf 92' lang='lat' dir='ltr'><strong>in</strong></span> 
     </span>
     <span class='ocr_line' id='line_1_28' title="bbox 937 2216 4758 2316; baseline 0.001 -31"><span class='ocrx_word' id='word_1_182' title='bbox 937 2219 1205 2305; x_wconf 84' lang='lat' dir='ltr'><strong>plateis,</strong></span> <span class='ocrx_word' id='word_1_183' title='bbox 1254 2223 1442 2310; x_wconf 91' lang='lat' dir='ltr'><strong>quod</strong></span> <span class='ocrx_word' id='word_1_184' title='bbox 1488 2223 1673 2290; x_wconf 74' lang='lat' dir='ltr'><strong>infra</strong></span> <span class='ocrx_word' id='word_1_185' title='bbox 1718 2237 1878 2292; x_wconf 92' lang='lat' dir='ltr'><strong>octo</strong></span> <span class='ocrx_word' id='word_1_186' title='bbox 1925 2224 2075 2292; x_wconf 84' lang='lat' dir='ltr'><strong>dies</strong></span> <span class='ocrx_word' id='word_1_187' title='bbox 2118 2225 2249 2316; x_wconf 82' lang='lat' dir='ltr'><strong>ipsi</strong></span> <span class='ocrx_word' id='word_1_188' title='bbox 2308 2227 2407 2294; x_wconf 90' lang='lat' dir='ltr'><strong>sic</strong></span> <span class='ocrx_word' id='word_1_189' title='bbox 2470 2225 2808 2295; x_wconf 88' lang='lat' dir='ltr'><strong>absentati</strong></span> <span class='ocrx_word' id='word_1_190' title='bbox 2857 2216 3365 2295; x_wconf 84' lang='lat' dir='ltr'><strong>reverterentur</strong></span> <span class='ocrx_word' id='word_1_191' title='bbox 3410 2228 3481 2294; x_wconf 90' lang='lat' dir='ltr'><strong>in</strong></span> <span class='ocrx_word' id='word_1_192' title='bbox 3528 2228 3801 2295; x_wconf 85' lang='lat' dir='ltr'><strong>civitate</strong></span> <span class='ocrx_word' id='word_1_193' title='bbox 3863 2227 3990 2295; x_wconf 89' lang='lat' dir='ltr'><strong>sub</strong></span> <span class='ocrx_word' id='word_1_194' title='bbox 4033 2249 4224 2315; x_wconf 91' lang='lat' dir='ltr'><strong>pena</strong></span> <span class='ocrx_word' id='word_1_195' title='bbox 4268 2226 4653 2294; x_wconf 86' lang='lat' dir='ltr'><strong>rebellionis</strong></span> <span class='ocrx_word' id='word_1_196' title='bbox 4697 2224 4758 2290; x_wconf 88' lang='lat'><strong>15</strong></span> 
     </span>
     <span class='ocr_line' id='line_1_29' title="bbox 942 2328 4654 2423; baseline 0.002 -33"><span class='ocrx_word' id='word_1_197' title='bbox 942 2337 1013 2392; x_wconf 92' lang='lat' dir='ltr'><strong>et</strong></span> <span class='ocrx_word' id='word_1_198' title='bbox 1059 2328 1565 2397; x_wconf 88' lang='lat' dir='ltr'><strong>confiscationis</strong></span> <span class='ocrx_word' id='word_1_199' title='bbox 1612 2332 1911 2398; x_wconf 91' lang='lat' dir='ltr'><strong>omnium</strong></span> <span class='ocrx_word' id='word_1_200' title='bbox 1957 2351 2233 2402; x_wconf 78' lang='lat' dir='ltr'><strong>suorum</strong></span> <span class='ocrx_word' id='word_1_201' title='bbox 2277 2333 2637 2401; x_wconf 90' lang='lat' dir='ltr'><strong>bonorum.</strong></span> <span class='ocrx_word' id='word_1_202' title='bbox 2730 2334 2821 2403; x_wconf 91' lang='lat' dir='ltr'><strong>Et</strong></span> <span class='ocrx_word' id='word_1_203' title='bbox 2864 2335 3026 2423; x_wconf 91' lang='lat' dir='ltr'><strong>quia</strong></span> <span class='ocrx_word' id='word_1_204' title='bbox 3070 2336 3469 2423; x_wconf 80' lang='lat' dir='ltr'><strong>quammulti</strong></span> <span class='ocrx_word' id='word_1_205' title='bbox 3499 2336 3893 2402; x_wconf 89' lang='lat' dir='ltr'><strong>nolluerunt</strong></span> <span class='ocrx_word' id='word_1_206' title='bbox 3937 2335 4252 2415; x_wconf 89' lang='lat' dir='ltr'><strong>obedire,</strong></span> <span class='ocrx_word' id='word_1_207' title='bbox 4303 2346 4654 2400; x_wconf 86' lang='lat' dir='ltr'><strong>cernentes</strong></span> 
     </span>
     <span class='ocr_line' id='line_1_30' title="bbox 943 2433 4648 2526; baseline 0.002 -28"><span class='ocrx_word' id='word_1_208' title='bbox 943 2433 1400 2517; x_wconf 88' lang='lat' dir='ltr'><strong>quammultos</strong></span> <span class='ocrx_word' id='word_1_209' title='bbox 1445 2457 1533 2502; x_wconf 80' lang='lat' dir='ltr'><strong>ex</strong></span> <span class='ocrx_word' id='word_1_210' title='bbox 1576 2436 1815 2524; x_wconf 89' lang='lat' dir='ltr'><strong>primis</strong></span> <span class='ocrx_word' id='word_1_211' title='bbox 1858 2438 2070 2505; x_wconf 80' lang='lat' dir='ltr'><strong>fuisse</strong></span> <span class='ocrx_word' id='word_1_212' title='bbox 2104 2453 2516 2519; x_wconf 81' lang='lat' dir='ltr'><strong>carceratos,</strong></span> <span class='ocrx_word' id='word_1_213' title='bbox 2563 2453 2639 2508; x_wconf 93' lang='lat' dir='ltr'><strong>ut</strong></span> <span class='ocrx_word' id='word_1_214' title='bbox 2683 2441 3234 2520; x_wconf 90' lang='lat' dir='ltr'><strong>collectarentur‚</strong></span> <span class='ocrx_word' id='word_1_215' title='bbox 3282 2463 3521 2509; x_wconf 91' lang='lat' dir='ltr'><strong>eorum</strong></span> <span class='ocrx_word' id='word_1_216' title='bbox 3566 2441 3750 2508; x_wconf 90' lang='lat' dir='ltr'><strong>bona</strong></span> <span class='ocrx_word' id='word_1_217' title='bbox 3793 2441 3994 2520; x_wconf 77' lang='lat' dir='ltr'><strong>fuere</strong></span> <span class='ocrx_word' id='word_1_218' title='bbox 4027 2442 4412 2508; x_wconf 89' lang='lat' dir='ltr'><strong>confiscata</strong></span> <span class='ocrx_word' id='word_1_219' title='bbox 4441 2452 4510 2506; x_wconf 92' lang='lat' dir='ltr'><strong>et</strong></span> <span class='ocrx_word' id='word_1_220' title='bbox 4534 2462 4648 2526; x_wconf 91' lang='lat' dir='ltr'><strong>pu-</strong></span> 
     </span>
     <span class='ocr_line' id='line_1_31' title="bbox 942 2535 4647 2636; baseline 0.002 -34"><span class='ocrx_word' id='word_1_221' title='bbox 942 2535 1178 2605; x_wconf 91' lang='lat' dir='ltr'><strong>blicati</strong></span> <span class='ocrx_word' id='word_1_222' title='bbox 1208 2554 1365 2608; x_wconf 88' lang='lat' dir='ltr'><strong>sunt</strong></span> <span class='ocrx_word' id='word_1_223' title='bbox 1393 2562 1523 2629; x_wconf 88' lang='lat' dir='ltr'><strong>pro</strong></span> <span class='ocrx_word' id='word_1_224' title='bbox 1555 2541 1886 2622; x_wconf 84' lang='lat' dir='ltr'><strong>bannitis3</strong></span> <span class='ocrx_word' id='word_1_225' title='bbox 1923 2544 2249 2636; x_wconf 88' lang='lat' dir='ltr'><strong>multique</strong></span> <span class='ocrx_word' id='word_1_226' title='bbox 2283 2546 2571 2613; x_wconf 89' lang='lat' dir='ltr'><strong>ruralles</strong></span> <span class='ocrx_word' id='word_1_227' title='bbox 2602 2546 2915 2614; x_wconf 87' lang='lat' dir='ltr'><strong>villarum</strong></span> <span class='ocrx_word' id='word_1_228' title='bbox 2945 2546 3440 2628; x_wconf 88' lang='lat' dir='ltr'><strong>Parmensium,</strong></span> <span class='ocrx_word' id='word_1_229' title='bbox 3488 2548 3604 2636; x_wconf 89' lang='lat' dir='ltr'><strong>qui</strong></span> <span class='ocrx_word' id='word_1_230' title='bbox 3647 2569 3720 2614; x_wconf 89' lang='lat' dir='ltr'><strong>se</strong></span> <span class='ocrx_word' id='word_1_231' title='bbox 3769 2547 4260 2615; x_wconf 84' lang='lat' dir='ltr'><strong>adhesiverant</strong></span> <span class='ocrx_word' id='word_1_232' title='bbox 4292 2546 4647 2635; x_wconf 87' lang='lat' dir='ltr'><strong>magnifico</strong></span> 
     </span>
     <span class='ocr_line' id='line_1_32' title="bbox 944 2645 4643 2742; baseline 0.003 -34"><span class='ocrx_word' id='word_1_233' title='bbox 944 2645 1225 2713; x_wconf 89' lang='lat' dir='ltr'><strong>domino</strong></span> <span class='ocrx_word' id='word_1_234' title='bbox 1284 2645 1732 2731; x_wconf 89' lang='lat' dir='ltr'><strong>Petromarie,</strong></span> <span class='ocrx_word' id='word_1_235' title='bbox 1794 2649 2099 2719; x_wconf 88' lang='lat' dir='ltr'><strong>similiter</strong></span> <span class='ocrx_word' id='word_1_236' title='bbox 2159 2665 2316 2719; x_wconf 89' lang='lat' dir='ltr'><strong>sunt</strong></span> <span class='ocrx_word' id='word_1_237' title='bbox 2345 2651 2668 2719; x_wconf 78' lang='lat' dir='ltr'><strong>‚banniti&#39;</strong></span> <span class='ocrx_word' id='word_1_238' title='bbox 2717 2666 2788 2720; x_wconf 91' lang='lat' dir='ltr'><strong>et</strong></span> <span class='ocrx_word' id='word_1_239' title='bbox 2833 2653 3094 2720; x_wconf 85' lang='lat' dir='ltr'><strong>exulles</strong></span> <span class='ocrx_word' id='word_1_240' title='bbox 3153 2654 3345 2734; x_wconf 85' lang='lat' dir='ltr'><strong>facti,</strong></span> <span class='ocrx_word' id='word_1_241' title='bbox 3393 2674 3766 2742; x_wconf 90' lang='lat' dir='ltr'><strong>eorumque</strong></span> <span class='ocrx_word' id='word_1_242' title='bbox 3830 2654 4016 2721; x_wconf 90' lang='lat' dir='ltr'><strong>bona</strong></span> <span class='ocrx_word' id='word_1_243' title='bbox 4075 2654 4342 2721; x_wconf 88' lang='lat' dir='ltr'><strong>ducalli</strong></span> <span class='ocrx_word' id='word_1_244' title='bbox 4389 2674 4643 2719; x_wconf 90' lang='lat' dir='ltr'><strong>camere</strong></span> 
     </span>
     <span class='ocr_line' id='line_1_33' title="bbox 938 2754 4755 2848; baseline 0.002 -32"><span class='ocrx_word' id='word_1_245' title='bbox 938 2765 1095 2819; x_wconf 89' lang='lat' dir='ltr'><strong>sunt</strong></span> <span class='ocrx_word' id='word_1_246' title='bbox 1140 2754 1505 2841; x_wconf 88' lang='lat' dir='ltr'><strong>applicata.</strong></span> <span class='ocrx_word' id='word_1_247' title='bbox 1598 2755 1690 2823; x_wconf 89' lang='lat' dir='ltr'><strong>Et</strong></span> <span class='ocrx_word' id='word_1_248' title='bbox 1732 2757 2066 2846; x_wconf 77' lang='lat' dir='ltr'><strong>precipue</strong></span> <span class='ocrx_word' id='word_1_249' title='bbox 2115 2760 2302 2827; x_wconf 85' lang='lat' dir='ltr'><strong>cives</strong></span> <span class='ocrx_word' id='word_1_250' title='bbox 2344 2759 2443 2824; x_wconf 92' lang='lat' dir='ltr'><strong>illi</strong></span> <span class='ocrx_word' id='word_1_251' title='bbox 2490 2772 2562 2827; x_wconf 91' lang='lat' dir='ltr'><strong>et</strong></span> <span class='ocrx_word' id='word_1_252' title='bbox 2608 2760 3002 2840; x_wconf 89' lang='lat' dir='ltr'><strong>comitatini,</strong></span> <span class='ocrx_word' id='word_1_253' title='bbox 3066 2761 3184 2848; x_wconf 91' lang='lat' dir='ltr'><strong>qui</strong></span> <span class='ocrx_word' id='word_1_254' title='bbox 3241 2761 3509 2828; x_wconf 83' lang='lat' dir='ltr'><strong>iverunt</strong></span> <span class='ocrx_word' id='word_1_255' title='bbox 3555 2762 3645 2827; x_wconf 89' lang='lat' dir='ltr'><strong>ad</strong></span> <span class='ocrx_word' id='word_1_256' title='bbox 3689 2762 3964 2828; x_wconf 79' lang='lat' dir='ltr'><strong>servitia</strong></span> <span class='ocrx_word' id='word_1_257' title='bbox 4022 2759 4459 2828; x_wconf 89' lang='lat' dir='ltr'><strong>Rubeorum.</strong></span> <span class='ocrx_word' id='word_1_258' title='bbox 4545 2757 4647 2825; x_wconf 93' lang='lat' dir='ltr'><strong>Ob</strong></span> <span class='ocrx_word' id='word_1_259' title='bbox 4683 2760 4755 2823; x_wconf 84' lang='lat'><strong>20</strong></span> 
     </span>
     <span class='ocr_line' id='line_1_34' title="bbox 938 2858 4641 2954; baseline 0.002 -31"><span class='ocrx_word' id='word_1_260' title='bbox 938 2858 1127 2942; x_wconf 91' lang='lat' dir='ltr'><strong>quod</strong></span> <span class='ocrx_word' id='word_1_261' title='bbox 1170 2871 1382 2928; x_wconf 92' lang='lat' dir='ltr'><strong>status</strong></span> <span class='ocrx_word' id='word_1_262' title='bbox 1441 2862 1825 2929; x_wconf 88' lang='lat' dir='ltr'><strong>Mediolani</strong></span> <span class='ocrx_word' id='word_1_263' title='bbox 1887 2865 2101 2936; x_wconf 84' lang='lat' dir='ltr'><strong>missit</strong></span> <span class='ocrx_word' id='word_1_264' title='bbox 2157 2866 2477 2932; x_wconf 87' lang='lat' dir='ltr'><strong>Parmam</strong></span> <span class='ocrx_word' id='word_1_265' title='bbox 2540 2867 2907 2953; x_wconf 84' lang='lat' dir='ltr'><strong>quemdam</strong></span> <span class='ocrx_word' id='word_1_266' title='bbox 2968 2866 3472 2938; x_wconf 79' lang='lat' dir='ltr'><strong>christoforum</strong></span> <span class='ocrx_word' id='word_1_267' title='bbox 3536 2868 3627 2933; x_wconf 90' lang='lat' dir='ltr'><strong>de</strong></span> <span class='ocrx_word' id='word_1_268' title='bbox 3687 2864 3965 2954; x_wconf 91' lang='lat' dir='ltr'><strong>Aplano</strong></span> <span class='ocrx_word' id='word_1_269' title='bbox 4032 2867 4520 2933; x_wconf 87' lang='lat' dir='ltr'><strong>canzellarium</strong></span> <span class='ocrx_word' id='word_1_270' title='bbox 4561 2866 4641 2930; x_wconf 88' lang='lat' dir='ltr'><strong>ad</strong></span> 
     </span>
     <span class='ocr_line' id='line_1_35' title="bbox 936 2962 4642 3062; baseline 0.003 -35"><span class='ocrx_word' id='word_1_271' title='bbox 936 2962 1465 3033; x_wconf 90' lang='lat' dir='ltr'><strong>describendum</strong></span> <span class='ocrx_word' id='word_1_272' title='bbox 1515 2968 1700 3036; x_wconf 92' lang='lat' dir='ltr'><strong>bona</strong></span> <span class='ocrx_word' id='word_1_273' title='bbox 1729 2969 1987 3037; x_wconf 88' lang='lat' dir='ltr'><strong>tallium</strong></span> <span class='ocrx_word' id='word_1_274' title='bbox 2019 2971 2451 3040; x_wconf 85' lang='lat' dir='ltr'><strong>bannitorum</strong></span> <span class='ocrx_word' id='word_1_275' title='bbox 2499 2983 2569 3039; x_wconf 92' lang='lat' dir='ltr'><strong>et</strong></span> <span class='ocrx_word' id='word_1_276' title='bbox 2599 2975 2892 3052; x_wconf 86' lang='lat' dir='ltr'><strong>exulum,</strong></span> <span class='ocrx_word' id='word_1_277' title='bbox 2942 2974 3058 3062; x_wconf 90' lang='lat' dir='ltr'><strong>qui</strong></span> <span class='ocrx_word' id='word_1_278' title='bbox 3088 2972 3493 3041; x_wconf 89' lang='lat' dir='ltr'><strong>Rubeorum</strong></span> <span class='ocrx_word' id='word_1_279' title='bbox 3526 2972 3712 3041; x_wconf 89' lang='lat' dir='ltr'><strong>bona</strong></span> <span class='ocrx_word' id='word_1_280' title='bbox 3738 2974 3919 3040; x_wconf 86' lang='lat' dir='ltr'><strong>male</strong></span> <span class='ocrx_word' id='word_1_281' title='bbox 3966 2974 4309 3054; x_wconf 81' lang='lat' dir='ltr'><strong>tractavit,</strong></span> <span class='ocrx_word' id='word_1_282' title='bbox 4344 2994 4430 3040; x_wconf 89' lang='lat' dir='ltr'><strong>ea</strong></span> <span class='ocrx_word' id='word_1_283' title='bbox 4458 2973 4642 3039; x_wconf 91' lang='lat' dir='ltr'><strong>dero-</strong></span> 
     </span>
     <span class='ocr_line' id='line_1_36' title="bbox 936 3067 4634 3169; baseline 0.003 -35"><span class='ocrx_word' id='word_1_284' title='bbox 936 3067 1164 3136; x_wconf 91' lang='lat' dir='ltr'><strong>bando</strong></span> <span class='ocrx_word' id='word_1_285' title='bbox 1212 3085 1284 3139; x_wconf 92' lang='lat' dir='ltr'><strong>et</strong></span> <span class='ocrx_word' id='word_1_286' title='bbox 1328 3074 1706 3143; x_wconf 90' lang='lat' dir='ltr'><strong>indebitum</strong></span> <span class='ocrx_word' id='word_1_287' title='bbox 1751 3078 2165 3165; x_wconf 82' lang='lat' dir='ltr'><strong>stipendium</strong></span> <span class='ocrx_word' id='word_1_288' title='bbox 2211 3081 2549 3146; x_wconf 90' lang='lat' dir='ltr'><strong>sumendo</strong></span> <span class='ocrx_word' id='word_1_289' title='bbox 2593 3099 2722 3166; x_wconf 88' lang='lat' dir='ltr'><strong>pro</strong></span> <span class='ocrx_word' id='word_1_290' title='bbox 2753 3079 2894 3146; x_wconf 84' lang='lat' dir='ltr'><strong>tani</strong></span> <span class='ocrx_word' id='word_1_291' title='bbox 2927 3080 3411 3168; x_wconf 88' lang='lat' dir='ltr'><strong>descriptione,</strong></span> <span class='ocrx_word' id='word_1_292' title='bbox 3457 3102 3732 3169; x_wconf 88' lang='lat' dir='ltr'><strong>semper</strong></span> <span class='ocrx_word' id='word_1_293' title='bbox 3778 3081 4151 3148; x_wconf 88' lang='lat' dir='ltr'><strong>associatus</strong></span> <span class='ocrx_word' id='word_1_294' title='bbox 4180 3080 4278 3148; x_wconf 91' lang='lat' dir='ltr'><strong>ab</strong></span> <span class='ocrx_word' id='word_1_295' title='bbox 4311 3079 4634 3169; x_wconf 87' lang='lat' dir='ltr'><strong>aliquibus</strong></span> 
     </span>
     <span class='ocr_line' id='line_1_37' title="bbox 946 3176 3642 3278; baseline 0.006 -38"><span class='ocrx_word' id='word_1_296' title='bbox 946 3176 1034 3241; x_wconf 91' lang='lat' dir='ltr'><strong>de</strong></span> <span class='ocrx_word' id='word_1_297' title='bbox 1082 3177 1294 3245; x_wconf 89' lang='lat' dir='ltr'><strong>tribus</strong></span> <span class='ocrx_word' id='word_1_298' title='bbox 1338 3183 1650 3269; x_wconf 89' lang='lat' dir='ltr'><strong>squadris</strong></span> <span class='ocrx_word' id='word_1_299' title='bbox 1694 3184 1873 3250; x_wconf 91' lang='lat' dir='ltr'><strong>male</strong></span> <span class='ocrx_word' id='word_1_300' title='bbox 1920 3185 2114 3254; x_wconf 84' lang='lat' dir='ltr'><strong>vocis</strong></span> <span class='ocrx_word' id='word_1_301' title='bbox 2157 3198 2228 3253; x_wconf 91' lang='lat' dir='ltr'><strong>et</strong></span> <span class='ocrx_word' id='word_1_302' title='bbox 2272 3185 2512 3266; x_wconf 83' lang='lat' dir='ltr'><strong>fame,&#39;</strong></span> <span class='ocrx_word' id='word_1_303' title='bbox 2559 3207 2845 3274; x_wconf 88' lang='lat' dir='ltr'><strong>quorum</strong></span> <span class='ocrx_word' id='word_1_304' title='bbox 2896 3186 3199 3278; x_wconf 83' lang='lat' dir='ltr'><strong>consilijs</strong></span> <span class='ocrx_word' id='word_1_305' title='bbox 3244 3187 3642 3256; x_wconf 89' lang='lat' dir='ltr'><strong>adherebat.</strong></span> 
     </span>
    </p>

    <p class='ocr_par' dir='ltr' id='par_1_18' title="bbox 930 3285 4742 3570">
     <span class='ocr_line' id='line_1_38' title="bbox 1107 3285 4742 3384; baseline 0.004 -33"><span class='ocrx_word' id='word_1_306' title='bbox 1107 3285 1463 3374; x_wconf 90' lang='lat' dir='ltr'><strong>Vigesimo</strong></span> <span class='ocrx_word' id='word_1_307' title='bbox 1507 3290 1681 3381; x_wconf 85' lang='lat' dir='ltr'><strong>junij</strong></span> <span class='ocrx_word' id='word_1_308' title='bbox 1732 3291 2051 3362; x_wconf 89' lang='lat' dir='ltr'><strong>dominus</strong></span> <span class='ocrx_word' id='word_1_309' title='bbox 2097 3291 2394 3366; x_wconf 77' lang='lat' dir='ltr'><strong>Sforcia,</strong></span> <span class='ocrx_word' id='word_1_310' title='bbox 2441 3292 2560 3382; x_wconf 88' lang='lat' dir='ltr'><strong>qui</strong></span> <span class='ocrx_word' id='word_1_311' title='bbox 2606 3314 2760 3360; x_wconf 93' lang='lat' dir='ltr'><strong>com</strong></span> <span class='ocrx_word' id='word_1_312' title='bbox 2794 3295 2981 3359; x_wconf 92' lang='lat' dir='ltr'><strong>omni</strong></span> <span class='ocrx_word' id='word_1_313' title='bbox 3010 3294 3269 3361; x_wconf 91' lang='lat' dir='ltr'><strong>ducalli</strong></span> <span class='ocrx_word' id='word_1_314' title='bbox 3314 3295 3620 3362; x_wconf 84' lang='lat' dir='ltr'><strong>exercitu</strong></span> <span class='ocrx_word' id='word_1_315' title='bbox 3664 3295 3884 3363; x_wconf 87' lang='lat' dir='ltr'><strong>iverat</strong></span> <span class='ocrx_word' id='word_1_316' title='bbox 3926 3318 3970 3363; x_wconf 90' lang='lat' dir='ltr'><strong>a</strong></span> <span class='ocrx_word' id='word_1_317' title='bbox 4015 3296 4273 3364; x_wconf 91' lang='lat' dir='ltr'><strong>Fillino</strong></span> <span class='ocrx_word' id='word_1_318' title='bbox 4320 3296 4636 3384; x_wconf 87' lang='lat' dir='ltr'><strong>Carigna-</strong></span> <span class='ocrx_word' id='word_1_319' title='bbox 4675 3291 4742 3358; x_wconf 87' lang='lat'><strong>25</strong></span> 
     </span>
     <span class='ocr_line' id='line_1_39' title="bbox 932 3391 4634 3493; baseline 0.004 -40"><span class='ocrx_word' id='word_1_320' title='bbox 932 3410 1115 3470; x_wconf 91' lang='lat' dir='ltr'><strong>num,</strong></span> <span class='ocrx_word' id='word_1_321' title='bbox 1163 3391 1476 3462; x_wconf 89' lang='lat' dir='ltr'><strong>discessit</strong></span> <span class='ocrx_word' id='word_1_322' title='bbox 1521 3407 1593 3463; x_wconf 92' lang='lat' dir='ltr'><strong>et</strong></span> <span class='ocrx_word' id='word_1_323' title='bbox 1637 3417 1790 3464; x_wconf 93' lang='lat' dir='ltr'><strong>com</strong></span> <span class='ocrx_word' id='word_1_324' title='bbox 1838 3398 1989 3484; x_wconf 87' lang='lat' dir='ltr'><strong>ipso</strong></span> <span class='ocrx_word' id='word_1_325' title='bbox 2036 3399 2343 3466; x_wconf 85' lang='lat' dir='ltr'><strong>exercitu</strong></span> <span class='ocrx_word' id='word_1_326' title='bbox 2388 3412 2613 3467; x_wconf 88' lang='lat' dir='ltr'><strong>castra</strong></span> <span class='ocrx_word' id='word_1_327' title='bbox 2658 3401 2949 3468; x_wconf 87' lang='lat' dir='ltr'><strong>firmavit</strong></span> <span class='ocrx_word' id='word_1_328' title='bbox 2992 3401 3494 3481; x_wconf 87' lang='lat' dir='ltr'><strong>Basilicenove,</strong></span> <span class='ocrx_word' id='word_1_329' title='bbox 3528 3414 3752 3469; x_wconf 90' lang='lat' dir='ltr'><strong>castro</strong></span> <span class='ocrx_word' id='word_1_330' title='bbox 3798 3403 4099 3490; x_wconf 80' lang='lat' dir='ltr'><strong>prefacti</strong></span> <span class='ocrx_word' id='word_1_331' title='bbox 4142 3403 4496 3493; x_wconf 88' lang='lat' dir='ltr'><strong>magnifici</strong></span> <span class='ocrx_word' id='word_1_332' title='bbox 4523 3402 4634 3469; x_wconf 93' lang='lat' dir='ltr'><strong>do-</strong></span> 
     </span>
     <span class='ocr_line' id='line_1_40' title="bbox 930 3495 1564 3570; baseline 0.016 -10"><span class='ocrx_word' id='word_1_333' title='bbox 930 3495 1095 3562; x_wconf 90' lang='lat' dir='ltr'><strong>mini</strong></span> <span class='ocrx_word' id='word_1_334' title='bbox 1138 3496 1564 3570; x_wconf 91' lang='lat' dir='ltr'><strong>Petrimarie.</strong></span> 
     </span>
    </p>

    <p class='ocr_par' dir='ltr' id='par_1_19' title="bbox 923 3601 4735 4126">
     <span class='ocr_line' id='line_1_41' title="bbox 1104 3601 4632 3704; baseline 0.003 -31"><span class='ocrx_word' id='word_1_335' title='bbox 1104 3605 1458 3695; x_wconf 86' lang='lat' dir='ltr'><strong>Vigesimo</strong></span> <span class='ocrx_word' id='word_1_336' title='bbox 1505 3610 1707 3677; x_wconf 89' lang='lat' dir='ltr'><strong>tertio</strong></span> <span class='ocrx_word' id='word_1_337' title='bbox 1748 3612 1923 3704; x_wconf 85' lang='lat' dir='ltr'><strong>junij</strong></span> <span class='ocrx_word' id='word_1_338' title='bbox 1973 3601 2159 3683; x_wconf 79' lang='lat' dir='ltr'><strong>idem</strong></span> <span class='ocrx_word' id='word_1_339' title='bbox 2208 3614 2487 3681; x_wconf 84' lang='lat' dir='ltr'><strong>Sforcia</strong></span> <span class='ocrx_word' id='word_1_340' title='bbox 2528 3614 2822 3702; x_wconf 90' lang='lat' dir='ltr'><strong>plantari</strong></span> <span class='ocrx_word' id='word_1_341' title='bbox 2868 3616 3041 3684; x_wconf 81' lang='lat' dir='ltr'><strong>fecit</strong></span> <span class='ocrx_word' id='word_1_342' title='bbox 3087 3615 3275 3682; x_wconf 91' lang='lat' dir='ltr'><strong>circa</strong></span> <span class='ocrx_word' id='word_1_343' title='bbox 3320 3617 3579 3683; x_wconf 91' lang='lat' dir='ltr'><strong>dictum</strong></span> <span class='ocrx_word' id='word_1_344' title='bbox 3627 3631 3922 3685; x_wconf 86' lang='lat' dir='ltr'><strong>castrum</strong></span> <span class='ocrx_word' id='word_1_345' title='bbox 3982 3619 4465 3686; x_wconf 86' lang='lat' dir='ltr'><strong>Basilicenove</strong></span> <span class='ocrx_word' id='word_1_346' title='bbox 4506 3629 4632 3684; x_wconf 89' lang='lat' dir='ltr'><strong>tres</strong></span> 
     </span>
     <span class='ocr_line' id='line_1_42' title="bbox 927 3709 4628 3814; baseline 0.004 -37"><span class='ocrx_word' id='word_1_347' title='bbox 927 3709 1240 3798; x_wconf 86' lang='lat' dir='ltr'><strong>ingentes</strong></span> <span class='ocrx_word' id='word_1_348' title='bbox 1285 3712 1720 3798; x_wconf 87' lang='lat' dir='ltr'><strong>bombardas,</strong></span> <span class='ocrx_word' id='word_1_349' title='bbox 1766 3719 1991 3787; x_wconf 89' lang='lat' dir='ltr'><strong>silicet</strong></span> <span class='ocrx_word' id='word_1_350' title='bbox 2019 3722 2389 3800; x_wconf 90' lang='lat' dir='ltr'><strong>Coronam,</strong></span> <span class='ocrx_word' id='word_1_351' title='bbox 2425 3721 2895 3789; x_wconf 87' lang='lat' dir='ltr'><strong>Galleazinam</strong></span> <span class='ocrx_word' id='word_1_352' title='bbox 2928 3735 2998 3790; x_wconf 91' lang='lat' dir='ltr'><strong>et</strong></span> <span class='ocrx_word' id='word_1_353' title='bbox 3026 3723 3396 3791; x_wconf 85' lang='lat' dir='ltr'><strong>Ferlinam.</strong></span> <span class='ocrx_word' id='word_1_354' title='bbox 3491 3723 3652 3802; x_wconf 86' lang='lat' dir='ltr'><strong>Que</strong></span> <span class='ocrx_word' id='word_1_355' title='bbox 3684 3725 3799 3792; x_wconf 90' lang='lat' dir='ltr'><strong>die</strong></span> <span class='ocrx_word' id='word_1_356' title='bbox 3830 3724 4164 3814; x_wconf 87' lang='lat' dir='ltr'><strong>vigesimo</strong></span> <span class='ocrx_word' id='word_1_357' title='bbox 4196 3738 4446 3813; x_wconf 88' lang='lat' dir='ltr'><strong>quarto</strong></span> <span class='ocrx_word' id='word_1_358' title='bbox 4472 3724 4628 3814; x_wconf 86' lang='lat' dir='ltr'><strong>junij</strong></span> 
     </span>
     <span class='ocr_line' id='line_1_43' title="bbox 926 3819 4735 3921; baseline 0.003 -38"><span class='ocrx_word' id='word_1_359' title='bbox 926 3830 997 3884; x_wconf 93' lang='lat' dir='ltr'><strong>et</strong></span> <span class='ocrx_word' id='word_1_360' title='bbox 1041 3819 1141 3885; x_wconf 90' lang='lat' dir='ltr'><strong>sic</strong></span> <span class='ocrx_word' id='word_1_361' title='bbox 1166 3820 1256 3886; x_wconf 90' lang='lat' dir='ltr'><strong>-in</strong></span> <span class='ocrx_word' id='word_1_362' title='bbox 1301 3822 1482 3889; x_wconf 82' lang='lat' dir='ltr'><strong>festo</strong></span> <span class='ocrx_word' id='word_1_363' title='bbox 1529 3825 1749 3891; x_wconf 88' lang='lat' dir='ltr'><strong>sancti</strong></span> <span class='ocrx_word' id='word_1_364' title='bbox 1792 3826 2146 3914; x_wconf 82' lang='lat' dir='ltr'><strong>Johannis,</strong></span> <span class='ocrx_word' id='word_1_365' title='bbox 2194 3828 2515 3894; x_wconf 87' lang='lat' dir='ltr'><strong>advocati</strong></span> <span class='ocrx_word' id='word_1_366' title='bbox 2561 3828 2728 3895; x_wconf 92' lang='lat' dir='ltr'><strong>dicti</strong></span> <span class='ocrx_word' id='word_1_367' title='bbox 2774 3831 2978 3896; x_wconf 89' lang='lat' dir='ltr'><strong>castri</strong></span> <span class='ocrx_word' id='word_1_368' title='bbox 3025 3843 3360 3917; x_wconf 89' lang='lat' dir='ltr'><strong>ceperunt</strong></span> <span class='ocrx_word' id='word_1_369' title='bbox 3391 3830 3848 3899; x_wconf 90' lang='lat' dir='ltr'><strong>bombardare</strong></span> <span class='ocrx_word' id='word_1_370' title='bbox 3896 3845 3966 3899; x_wconf 89' lang='lat' dir='ltr'><strong>et</strong></span> <span class='ocrx_word' id='word_1_371' title='bbox 4012 3833 4284 3921; x_wconf 89' lang='lat' dir='ltr'><strong>lapides</strong></span> <span class='ocrx_word' id='word_1_372' title='bbox 4328 3832 4625 3921; x_wconf 88' lang='lat' dir='ltr'><strong>proicere</strong></span> <span class='ocrx_word' id='word_1_373' title='bbox 4664 3830 4735 3894; x_wconf 88' lang='grc'><strong>30</strong></span> 
     </span>
     <span class='ocr_line' id='line_1_44' title="bbox 923 3925 4621 4018; baseline 0.004 -29"><span class='ocrx_word' id='word_1_374' title='bbox 923 3925 1179 3992; x_wconf 90' lang='lat' dir='ltr'><strong>nedum</strong></span> <span class='ocrx_word' id='word_1_375' title='bbox 1225 3928 1297 3995; x_wconf 89' lang='lat' dir='ltr'><strong>in</strong></span> <span class='ocrx_word' id='word_1_376' title='bbox 1344 3929 1479 4010; x_wconf 92' lang='lat' dir='ltr'><strong>die,</strong></span> <span class='ocrx_word' id='word_1_377' title='bbox 1525 3950 1764 3999; x_wconf 82' lang='lat' dir='ltr'><strong>verum</strong></span> <span class='ocrx_word' id='word_1_378' title='bbox 1813 3934 2018 4001; x_wconf 86' lang='lat' dir='ltr'><strong>etiam</strong></span> <span class='ocrx_word' id='word_1_379' title='bbox 2064 3935 2134 4000; x_wconf 84' lang='lat' dir='ltr'><strong>in</strong></span> <span class='ocrx_word' id='word_1_380' title='bbox 2178 3947 2385 4001; x_wconf 91' lang='lat' dir='ltr'><strong>nocte</strong></span> <span class='ocrx_word' id='word_1_381' title='bbox 2436 3948 2676 4003; x_wconf 90' lang='lat' dir='ltr'><strong>contra</strong></span> <span class='ocrx_word' id='word_1_382' title='bbox 2707 3937 3000 4004; x_wconf 88' lang='lat' dir='ltr'><strong>solitum.</strong></span> <span class='ocrx_word' id='word_1_383' title='bbox 3095 3936 3239 4015; x_wconf 86' lang='lat' dir='ltr'><strong>Qui</strong></span> <span class='ocrx_word' id='word_1_384' title='bbox 3266 3950 3495 4004; x_wconf 91' lang='lat' dir='ltr'><strong>autem</strong></span> <span class='ocrx_word' id='word_1_385' title='bbox 3542 3939 3721 4006; x_wconf 89' lang='lat' dir='ltr'><strong>intus</strong></span> <span class='ocrx_word' id='word_1_386' title='bbox 3768 3952 3984 4018; x_wconf 89' lang='lat' dir='ltr'><strong>erant,</strong></span> <span class='ocrx_word' id='word_1_387' title='bbox 4015 3940 4397 4007; x_wconf 84' lang='lat' dir='ltr'><strong>inciserunt</strong></span> <span class='ocrx_word' id='word_1_388' title='bbox 4439 3939 4621 4005; x_wconf 89' lang='lat' dir='ltr'><strong>turim</strong></span> 
     </span>
     <span class='ocr_line' id='line_1_45' title="bbox 923 4031 3631 4126; baseline 0.006 -30"><span class='ocrx_word' id='word_1_389' title='bbox 923 4031 1100 4098; x_wconf 88' lang='lat' dir='ltr'><strong>arcis</strong></span> <span class='ocrx_word' id='word_1_390' title='bbox 1145 4048 1215 4102; x_wconf 90' lang='lat' dir='ltr'><strong>et</strong></span> <span class='ocrx_word' id='word_1_391' title='bbox 1259 4035 1446 4102; x_wconf 91' lang='lat' dir='ltr'><strong>illam</strong></span> <span class='ocrx_word' id='word_1_392' title='bbox 1492 4058 1708 4126; x_wconf 90' lang='lat' dir='ltr'><strong>usque</strong></span> <span class='ocrx_word' id='word_1_393' title='bbox 1754 4039 1845 4105; x_wconf 90' lang='lat' dir='ltr'><strong>ad</strong></span> <span class='ocrx_word' id='word_1_394' title='bbox 1890 4041 2191 4111; x_wconf 89' lang='lat' dir='ltr'><strong>medium</strong></span> <span class='ocrx_word' id='word_1_395' title='bbox 2237 4042 2660 4122; x_wconf 89' lang='lat' dir='ltr'><strong>deiecerunt,</strong></span> <span class='ocrx_word' id='word_1_396' title='bbox 2707 4043 2989 4110; x_wconf 86' lang='lat' dir='ltr'><strong>viriliter</strong></span> <span class='ocrx_word' id='word_1_397' title='bbox 3033 4064 3108 4111; x_wconf 92' lang='lat' dir='ltr'><strong>se</strong></span> <span class='ocrx_word' id='word_1_398' title='bbox 3158 4044 3631 4113; x_wconf 84' lang='lat' dir='ltr'><strong>defendendo.</strong></span> 
     </span>
    </p>

    <p class='ocr_par' dir='ltr' id='par_1_20' title="bbox 920 4141 4718 4666">
     <span class='ocr_line' id='line_1_46' title="bbox 1102 4141 4617 4242; baseline 0.003 -35"><span class='ocrx_word' id='word_1_399' title='bbox 1102 4141 1256 4208; x_wconf 91' lang='lat' dir='ltr'><strong>Hac</strong></span> <span class='ocrx_word' id='word_1_400' title='bbox 1301 4144 1505 4210; x_wconf 90' lang='lat' dir='ltr'><strong>etiam</strong></span> <span class='ocrx_word' id='word_1_401' title='bbox 1552 4146 1690 4225; x_wconf 91' lang='lat' dir='ltr'><strong>die,</strong></span> <span class='ocrx_word' id='word_1_402' title='bbox 1739 4167 1876 4235; x_wconf 80' lang='lat' dir='ltr'><strong>qua</strong></span> <span class='ocrx_word' id='word_1_403' title='bbox 1922 4149 2179 4225; x_wconf 84' lang='lat' dir='ltr'><strong>dictum</strong></span> <span class='ocrx_word' id='word_1_404' title='bbox 2229 4163 2527 4216; x_wconf 88' lang='lat' dir='ltr'><strong>castrum</strong></span> <span class='ocrx_word' id='word_1_405' title='bbox 2571 4151 3047 4218; x_wconf 84' lang='lat' dir='ltr'><strong>Basilicenove</strong></span> <span class='ocrx_word' id='word_1_406' title='bbox 3081 4150 3544 4232; x_wconf 87' lang='lat' dir='ltr'><strong>obsidebatur,</strong></span> <span class='ocrx_word' id='word_1_407' title='bbox 3593 4154 3996 4242; x_wconf 90' lang='lat' dir='ltr'><strong>magnificus</strong></span> <span class='ocrx_word' id='word_1_408' title='bbox 4043 4153 4363 4221; x_wconf 89' lang='lat' dir='ltr'><strong>dominus</strong></span> <span class='ocrx_word' id='word_1_409' title='bbox 4406 4152 4617 4221; x_wconf 89' lang='lat' dir='ltr'><strong>Guido</strong></span> 
     </span>
     <span class='ocr_line' id='line_1_47' title="bbox 920 4244 4619 4349; baseline 0.004 -39"><span class='ocrx_word' id='word_1_410' title='bbox 920 4244 1208 4314; x_wconf 89' lang='lat' dir='ltr'><strong>Rubeus</strong></span> <span class='ocrx_word' id='word_1_411' title='bbox 1254 4250 1548 4317; x_wconf 81' lang='lat' dir='ltr'><strong>existens</strong></span> <span class='ocrx_word' id='word_1_412' title='bbox 1594 4251 1654 4316; x_wconf 93' lang='lat' dir='ltr'>F</span> <span class='ocrx_word' id='word_1_413' title='bbox 1656 4253 1850 4335; x_wconf 89' lang='lat' dir='ltr'><strong>illini,</strong></span> <span class='ocrx_word' id='word_1_414' title='bbox 1913 4255 2126 4323; x_wconf 88' lang='lat' dir='ltr'><strong>missit</strong></span> <span class='ocrx_word' id='word_1_415' title='bbox 2186 4252 2452 4343; x_wconf 90' lang='lat' dir='ltr'><strong>aliquos</strong></span> <span class='ocrx_word' id='word_1_416' title='bbox 2514 4280 2603 4324; x_wconf 81' lang='lat' dir='ltr'><strong>ex</strong></span> <span class='ocrx_word' id='word_1_417' title='bbox 2663 4258 2800 4324; x_wconf 89' lang='lat' dir='ltr'><strong>suis</strong></span> <span class='ocrx_word' id='word_1_418' title='bbox 2864 4258 2956 4326; x_wconf 90' lang='lat' dir='ltr'><strong>ad</strong></span> <span class='ocrx_word' id='word_1_419' title='bbox 3019 4271 3314 4326; x_wconf 88' lang='lat' dir='ltr'><strong>castrum</strong></span> <span class='ocrx_word' id='word_1_420' title='bbox 3375 4259 3709 4339; x_wconf 90' lang='lat' dir='ltr'><strong>Carrone,</strong></span> <span class='ocrx_word' id='word_1_421' title='bbox 3773 4261 3962 4347; x_wconf 89' lang='lat' dir='ltr'><strong>quod</strong></span> <span class='ocrx_word' id='word_1_422' title='bbox 4018 4260 4147 4327; x_wconf 90' lang='lat' dir='ltr'><strong>sibi</strong></span> <span class='ocrx_word' id='word_1_423' title='bbox 4205 4281 4338 4348; x_wconf 88' lang='lat' dir='ltr'><strong>per</strong></span> <span class='ocrx_word' id='word_1_424' title='bbox 4396 4271 4619 4349; x_wconf 87' lang='lat' dir='ltr'><strong>gentes</strong></span> 
     </span>
     <span class='ocr_line' id='line_1_48' title="bbox 923 4351 4718 4455; baseline 0.003 -37"><span class='ocrx_word' id='word_1_425' title='bbox 923 4351 1232 4423; x_wconf 89' lang='lat' dir='ltr'><strong>ducalles</strong></span> <span class='ocrx_word' id='word_1_426' title='bbox 1276 4370 1639 4444; x_wconf 87' lang='lat' dir='ltr'><strong>acceptum</strong></span> <span class='ocrx_word' id='word_1_427' title='bbox 1685 4361 1917 4433; x_wconf 71' lang='lat' dir='ltr'><strong>fuerat</strong></span> <span class='ocrx_word' id='word_1_428' title='bbox 1963 4374 2032 4431; x_wconf 91' lang='lat' dir='ltr'><strong>et</strong></span> <span class='ocrx_word' id='word_1_429' title='bbox 2079 4374 2339 4429; x_wconf 91' lang='lat' dir='ltr'><strong>armata</strong></span> <span class='ocrx_word' id='word_1_430' title='bbox 2384 4386 2590 4429; x_wconf 89' lang='lat' dir='ltr'><strong>manu</strong></span> <span class='ocrx_word' id='word_1_431' title='bbox 2654 4363 2824 4431; x_wconf 91' lang='lat' dir='ltr'><strong>illud</strong></span> <span class='ocrx_word' id='word_1_432' title='bbox 2887 4364 3345 4444; x_wconf 90' lang='lat' dir='ltr'><strong>obtinuerunt,</strong></span> <span class='ocrx_word' id='word_1_433' title='bbox 3409 4365 3657 4432; x_wconf 89' lang='lat' dir='ltr'><strong>occisis</strong></span> <span class='ocrx_word' id='word_1_434' title='bbox 3715 4366 4055 4455; x_wconf 89' lang='lat' dir='ltr'><strong>aliquibus</strong></span> <span class='ocrx_word' id='word_1_435' title='bbox 4089 4368 4207 4435; x_wconf 80' lang='lat' dir='ltr'><strong>,ad</strong></span> <span class='ocrx_word' id='word_1_436' title='bbox 4254 4366 4615 4439; x_wconf 85' lang='lat' dir='ltr'><strong>custodiam</strong></span> <span class='ocrx_word' id='word_1_437' title='bbox 4651 4360 4718 4429; x_wconf 87' lang='grc'><strong>35</strong></span> 
     </span>
     <span class='ocr_line' id='line_1_49' title="bbox 922 4460 4614 4562; baseline 0.003 -36"><span class='ocrx_word' id='word_1_438' title='bbox 922 4460 1265 4548; x_wconf 88' lang='lat' dir='ltr'><strong>deputatis</strong></span> <span class='ocrx_word' id='word_1_439' title='bbox 1297 4476 1366 4530; x_wconf 92' lang='lat' dir='ltr'><strong>et</strong></span> <span class='ocrx_word' id='word_1_440' title='bbox 1396 4465 1738 4553; x_wconf 89' lang='lat' dir='ltr'><strong>aliquibus</strong></span> <span class='ocrx_word' id='word_1_441' title='bbox 1769 4467 1859 4535; x_wconf 90' lang='lat' dir='ltr'><strong>de</strong></span> <span class='ocrx_word' id='word_1_442' title='bbox 1894 4468 2103 4536; x_wconf 94' lang='lat' dir='ltr'><strong>domo</strong></span> <span class='ocrx_word' id='word_1_443' title='bbox 2135 4468 2407 4550; x_wconf 89' lang='lat' dir='ltr'><strong>Rubea,</strong></span> <span class='ocrx_word' id='word_1_444' title='bbox 2438 4471 2703 4538; x_wconf 88' lang='lat' dir='ltr'><strong>vocatis</strong></span> <span class='ocrx_word' id='word_1_445' title='bbox 2760 4475 2790 4508; x_wconf 86' lang='lat'>“</span> <span class='ocrx_word' id='word_1_446' title='bbox 2816 4471 2862 4537; x_wconf 90' lang='lat' dir='ltr'><strong>li</strong></span> <span class='ocrx_word' id='word_1_447' title='bbox 2908 4472 3120 4539; x_wconf 91' lang='lat' dir='ltr'><strong>Rossi</strong></span> <span class='ocrx_word' id='word_1_448' title='bbox 3163 4473 3256 4538; x_wconf 88' lang='lat' dir='ltr'><strong>da</strong></span> <span class='ocrx_word' id='word_1_449' title='bbox 3304 4474 3672 4554; x_wconf 86' lang='lat' dir='ltr'><strong>Carrona„</strong></span> <span class='ocrx_word' id='word_1_450' title='bbox 3683 4474 3957 4562; x_wconf 90' lang='lat' dir='ltr'><strong>,captis</strong></span> <span class='ocrx_word' id='word_1_451' title='bbox 3992 4488 4063 4542; x_wconf 92' lang='lat' dir='ltr'><strong>et</strong></span> <span class='ocrx_word' id='word_1_452' title='bbox 4095 4475 4481 4553; x_wconf 90' lang='lat' dir='ltr'><strong>carceratis,</strong></span> <span class='ocrx_word' id='word_1_453' title='bbox 4511 4471 4614 4560; x_wconf 90' lang='lat' dir='ltr'><strong>qui</strong></span> 
     </span>
     <span class='ocr_line' id='line_1_50' title="bbox 923 4571 3022 4666; baseline 0.005 -34"><span class='ocrx_word' id='word_1_454' title='bbox 923 4581 1220 4635; x_wconf 88' lang='lat' dir='ltr'><strong>castrum</strong></span> <span class='ocrx_word' id='word_1_455' title='bbox 1263 4571 1490 4657; x_wconf 88' lang='lat' dir='ltr'><strong>ipsum</strong></span> <span class='ocrx_word' id='word_1_456' title='bbox 1537 4571 1816 4643; x_wconf 83' lang='lat' dir='ltr'><strong>Sforcie</strong></span> <span class='ocrx_word' id='word_1_457' title='bbox 1866 4576 2208 4643; x_wconf 90' lang='lat' dir='ltr'><strong>dederant</strong></span> <span class='ocrx_word' id='word_1_458' title='bbox 2256 4575 2516 4664; x_wconf 90' lang='lat' dir='ltr'><strong>absque</strong></span> <span class='ocrx_word' id='word_1_459' title='bbox 2563 4577 2707 4645; x_wconf 92' lang='lat' dir='ltr'><strong>ullo</strong></span> <span class='ocrx_word' id='word_1_460' title='bbox 2751 4578 3022 4666; x_wconf 91' lang='lat' dir='ltr'><strong>prellio.</strong></span> 
     </span>
    </p>

    <p class='ocr_par' dir='ltr' id='par_1_21' title="bbox 916 4676 4713 5073">
     <span class='ocr_line' id='line_1_51' title="bbox 1096 4676 4608 4777; baseline 0.002 -33"><span class='ocrx_word' id='word_1_461' title='bbox 1096 4676 1454 4766; x_wconf 90' lang='lat' dir='ltr'><strong>Vigesimo</strong></span> <span class='ocrx_word' id='word_1_462' title='bbox 1501 4691 1696 4745; x_wconf 83' lang='lat' dir='ltr'><strong>sexto</strong></span> <span class='ocrx_word' id='word_1_463' title='bbox 1740 4678 1908 4773; x_wconf 82' lang='lat' dir='ltr'><strong>junij</strong></span> <span class='ocrx_word' id='word_1_464' title='bbox 1957 4682 2306 4770; x_wconf 89' lang='lat' dir='ltr'><strong>magnifici</strong></span> <span class='ocrx_word' id='word_1_465' title='bbox 2352 4684 2616 4750; x_wconf 91' lang='lat' dir='ltr'><strong>domini</strong></span> <span class='ocrx_word' id='word_1_466' title='bbox 2680 4686 2909 4753; x_wconf 91' lang='lat' dir='ltr'><strong>Guido</strong></span> <span class='ocrx_word' id='word_1_467' title='bbox 2972 4686 3062 4753; x_wconf 96' lang='lat' dir='ltr'><strong>de</strong></span> <span class='ocrx_word' id='word_1_468' title='bbox 3108 4686 3377 4755; x_wconf 91' lang='lat' dir='ltr'><strong>Rubeis</strong></span> <span class='ocrx_word' id='word_1_469' title='bbox 3439 4699 3510 4754; x_wconf 91' lang='lat' dir='ltr'><strong>et</strong></span> <span class='ocrx_word' id='word_1_470' title='bbox 3572 4707 3808 4755; x_wconf 92' lang='lat' dir='ltr'><strong>comes</strong></span> <span class='ocrx_word' id='word_1_471' title='bbox 3812 4684 4229 4777; x_wconf 58' lang='lat' dir='ltr'><strong>:Amoratus</strong></span> <span class='ocrx_word' id='word_1_472' title='bbox 4290 4686 4608 4764; x_wconf 89' lang='lat' dir='ltr'><strong>Torellus,</strong></span> 
     </span>
     <span class='ocr_line' id='line_1_52' title="bbox 916 4782 4607 4883; baseline 0.003 -35"><span class='ocrx_word' id='word_1_473' title='bbox 916 4782 1038 4870; x_wconf 89' lang='lat' dir='ltr'><strong>qui</strong></span> <span class='ocrx_word' id='word_1_474' title='bbox 1085 4802 1240 4849; x_wconf 92' lang='lat' dir='ltr'><strong>com</strong></span> <span class='ocrx_word' id='word_1_475' title='bbox 1287 4804 1524 4851; x_wconf 87' lang='lat' dir='ltr'><strong>eorum</strong></span> <span class='ocrx_word' id='word_1_476' title='bbox 1575 4787 1880 4857; x_wconf 86' lang='lat' dir='ltr'><strong>exercitu</strong></span> <span class='ocrx_word' id='word_1_477' title='bbox 1922 4788 1995 4854; x_wconf 87' lang='lat' dir='ltr'><strong>in</strong></span> <span class='ocrx_word' id='word_1_478' title='bbox 2039 4790 2205 4855; x_wconf 90' lang='lat' dir='ltr'><strong>villa</strong></span> <span class='ocrx_word' id='word_1_479' title='bbox 2271 4790 2502 4858; x_wconf 91' lang='lat' dir='ltr'><strong>Fillini</strong></span> <span class='ocrx_word' id='word_1_480' title='bbox 2562 4790 3003 4880; x_wconf 89' lang='lat' dir='ltr'><strong>allogiabant,</strong></span> <span class='ocrx_word' id='word_1_481' title='bbox 3050 4807 3390 4861; x_wconf 87' lang='lat' dir='ltr'><strong>venerunt</strong></span> <span class='ocrx_word' id='word_1_482' title='bbox 3435 4815 3674 4863; x_wconf 91' lang='lat' dir='ltr'><strong>omnes</strong></span> <span class='ocrx_word' id='word_1_483' title='bbox 3718 4796 3790 4861; x_wconf 89' lang='lat' dir='ltr'><strong>in</strong></span> <span class='ocrx_word' id='word_1_484' title='bbox 3835 4796 4019 4883; x_wconf 89' lang='lat' dir='ltr'><strong>pede</strong></span> <span class='ocrx_word' id='word_1_485' title='bbox 4081 4797 4337 4864; x_wconf 91' lang='lat' dir='ltr'><strong>montis</strong></span> <span class='ocrx_word' id='word_1_486' title='bbox 4394 4793 4607 4861; x_wconf 88' lang='lat' dir='ltr'><strong>Turis-</strong></span> 
     </span>
     <span class='ocr_line' id='line_1_53' title="bbox 921 4889 4713 4993; baseline 0.003 -40"><span class='ocrx_word' id='word_1_487' title='bbox 921 4889 1107 4955; x_wconf 87' lang='lat' dir='ltr'><strong>clare</strong></span> <span class='ocrx_word' id='word_1_488' title='bbox 1154 4889 1250 4957; x_wconf 91' lang='lat' dir='ltr'><strong>ibi</strong></span> <span class='ocrx_word' id='word_1_489' title='bbox 1297 4904 1521 4958; x_wconf 89' lang='lat' dir='ltr'><strong>castra</strong></span> <span class='ocrx_word' id='word_1_490' title='bbox 1566 4892 1661 4959; x_wconf 89' lang='lat' dir='ltr'><strong>et&#39;</strong></span> <span class='ocrx_word' id='word_1_491' title='bbox 1714 4896 2078 4983; x_wconf 87' lang='lat' dir='ltr'><strong>temptoria</strong></span> <span class='ocrx_word' id='word_1_492' title='bbox 2124 4897 2462 4985; x_wconf 88' lang='lat' dir='ltr'><strong>fingentes</strong></span> <span class='ocrx_word' id='word_1_493' title='bbox 2494 4911 2567 4966; x_wconf 91' lang='lat' dir='ltr'><strong>et</strong></span> <span class='ocrx_word' id='word_1_494' title='bbox 2593 4911 2669 4965; x_wconf 92' lang='lat' dir='ltr'><strong>ut</strong></span> <span class='ocrx_word' id='word_1_495' title='bbox 2697 4899 3227 4987; x_wconf 89' lang='lat' dir='ltr'><strong>propinquiores</strong></span> <span class='ocrx_word' id='word_1_496' title='bbox 3257 4901 3424 4969; x_wconf 89' lang='lat' dir='ltr'><strong>fiant</strong></span> <span class='ocrx_word' id='word_1_497' title='bbox 3455 4902 3785 4970; x_wconf 87' lang='lat' dir='ltr'><strong>exercitui</strong></span> <span class='ocrx_word' id='word_1_498' title='bbox 3818 4903 4096 4983; x_wconf 91' lang='lat' dir='ltr'><strong>ducalli,</strong></span> <span class='ocrx_word' id='word_1_499' title='bbox 4129 4926 4336 4993; x_wconf 90' lang='lat' dir='ltr'><strong>quem</strong></span> <span class='ocrx_word' id='word_1_500' title='bbox 4368 4899 4606 4971; x_wconf 83' lang='lat' dir='ltr'><strong>exerci-</strong></span> <span class='ocrx_word' id='word_1_501' title='bbox 4643 4898 4713 4963; x_wconf 78' lang='lat'><strong>40</strong></span> 
     </span>
     <span class='ocr_line' id='line_1_54' title="bbox 918 4998 2726 5073; baseline 0.006 -11"><span class='ocrx_word' id='word_1_502' title='bbox 918 5007 1058 5062; x_wconf 91' lang='lat' dir='ltr'><strong>tum</strong></span> <span class='ocrx_word' id='word_1_503' title='bbox 1107 4998 1456 5064; x_wconf 86' lang='lat' dir='ltr'><strong>ducallem</strong></span> <span class='ocrx_word' id='word_1_504' title='bbox 1504 5000 1690 5065; x_wconf 91' lang='lat' dir='ltr'><strong>omni</strong></span> <span class='ocrx_word' id='word_1_505' title='bbox 1736 5001 1851 5071; x_wconf 91' lang='lat' dir='ltr'><strong>die</strong></span> <span class='ocrx_word' id='word_1_506' title='bbox 1897 5023 1984 5071; x_wconf 90' lang='lat' dir='ltr'><strong>ac</strong></span> <span class='ocrx_word' id='word_1_507' title='bbox 2027 5016 2235 5070; x_wconf 89' lang='lat' dir='ltr'><strong>nocte</strong></span> <span class='ocrx_word' id='word_1_508' title='bbox 2283 5004 2726 5073; x_wconf 74' lang='lat' dir='ltr'><strong>infestabant.</strong></span> 
     </span>
    </p>

    <p class='ocr_par' dir='ltr' id='par_1_22' title="bbox 911 5103 4700 5635">
     <span class='ocr_line' id='line_1_55' title="bbox 1093 5103 4599 5203; baseline 0.004 -35"><span class='ocrx_word' id='word_1_509' title='bbox 1093 5103 1251 5169; x_wconf 92' lang='lat' dir='ltr'><strong>Hoc</strong></span> <span class='ocrx_word' id='word_1_510' title='bbox 1300 5115 1608 5192; x_wconf 89' lang='lat' dir='ltr'><strong>tempore</strong></span> <span class='ocrx_word' id='word_1_511' title='bbox 1659 5127 1815 5175; x_wconf 89' lang='lat' dir='ltr'><strong>cum</strong></span> <span class='ocrx_word' id='word_1_512' title='bbox 1876 5108 2015 5177; x_wconf 79' lang='lat' dir='ltr'><strong>dux</strong></span> <span class='ocrx_word' id='word_1_513' title='bbox 2076 5110 2377 5190; x_wconf 91' lang='lat' dir='ltr'><strong>Ferarie,</strong></span> <span class='ocrx_word' id='word_1_514' title='bbox 2423 5112 2609 5201; x_wconf 91' lang='lat' dir='ltr'><strong>regis</strong></span> <span class='ocrx_word' id='word_1_515' title='bbox 2656 5113 3078 5181; x_wconf 88' lang='lat' dir='ltr'><strong>Ferdinandi</strong></span> <span class='ocrx_word' id='word_1_516' title='bbox 3122 5136 3360 5203; x_wconf 89' lang='lat' dir='ltr'><strong>gener,</strong></span> <span class='ocrx_word' id='word_1_517' title='bbox 3407 5138 3450 5182; x_wconf 92' lang='lat' dir='ltr'><strong>a</strong></span> <span class='ocrx_word' id='word_1_518' title='bbox 3493 5115 3784 5183; x_wconf 90' lang='lat' dir='ltr'><strong>Venetis</strong></span> <span class='ocrx_word' id='word_1_519' title='bbox 3847 5116 4279 5186; x_wconf 90' lang='lat' dir='ltr'><strong>obsideretur</strong></span> <span class='ocrx_word' id='word_1_520' title='bbox 4338 5117 4599 5194; x_wconf 85' lang='lat' dir='ltr'><strong>fortiter,</strong></span> 
     </span>
     <span class='ocr_line' id='line_1_56' title="bbox 912 5211 4602 5315; baseline 0.004 -42"><span class='ocrx_word' id='word_1_521' title='bbox 912 5228 998 5274; x_wconf 93' lang='lat' dir='ltr'><strong>ac</strong></span> <span class='ocrx_word' id='word_1_522' title='bbox 1046 5211 1189 5299; x_wconf 85' lang='lat' dir='ltr'><strong>jam</strong></span> <span class='ocrx_word' id='word_1_523' title='bbox 1235 5211 1631 5299; x_wconf 86' lang='lat' dir='ltr'><strong>Figarolum</strong></span> <span class='ocrx_word' id='word_1_524' title='bbox 1694 5228 1764 5282; x_wconf 90' lang='lat' dir='ltr'><strong>et</strong></span> <span class='ocrx_word' id='word_1_525' title='bbox 1825 5227 2040 5282; x_wconf 92' lang='lat' dir='ltr'><strong>totum</strong></span> <span class='ocrx_word' id='word_1_526' title='bbox 2102 5216 2501 5284; x_wconf 89' lang='lat' dir='ltr'><strong>Pollisinum</strong></span> <span class='ocrx_word' id='word_1_527' title='bbox 2563 5219 2841 5310; x_wconf 85' lang='lat' dir='ltr'><strong>Rovigij</strong></span> <span class='ocrx_word' id='word_1_528' title='bbox 2906 5222 3323 5308; x_wconf 89' lang='lat' dir='ltr'><strong>perdidisset</strong></span> <span class='ocrx_word' id='word_1_529' title='bbox 3380 5235 3451 5289; x_wconf 89' lang='lat' dir='ltr'><strong>et</strong></span> <span class='ocrx_word' id='word_1_530' title='bbox 3511 5224 3651 5290; x_wconf 79' lang='lat' dir='ltr'><strong>dux</strong></span> <span class='ocrx_word' id='word_1_531' title='bbox 3694 5223 4042 5294; x_wconf 90' lang='lat' dir='ltr'><strong>Callabrie</strong></span> <span class='ocrx_word' id='word_1_532' title='bbox 4092 5226 4237 5294; x_wconf 89' lang='lat' dir='ltr'><strong>eius</strong></span> <span class='ocrx_word' id='word_1_533' title='bbox 4299 5235 4602 5315; x_wconf 85' lang='lat' dir='ltr'><strong>cognatus</strong></span> 
     </span>
     <span class='ocr_line' id='line_1_57' title="bbox 911 5315 4601 5423; baseline 0.004 -42"><span class='ocrx_word' id='word_1_534' title='bbox 911 5315 1097 5383; x_wconf 89' lang='lat' dir='ltr'><strong>velet</strong></span> <span class='ocrx_word' id='word_1_535' title='bbox 1141 5317 1233 5384; x_wconf 95' lang='lat' dir='ltr'><strong>ad</strong></span> <span class='ocrx_word' id='word_1_536' title='bbox 1280 5317 1405 5384; x_wconf 89' lang='lat' dir='ltr'><strong>has</strong></span> <span class='ocrx_word' id='word_1_537' title='bbox 1447 5333 1680 5406; x_wconf 90' lang='lat' dir='ltr'><strong>partes</strong></span> <span class='ocrx_word' id='word_1_538' title='bbox 1726 5322 2078 5391; x_wconf 86' lang='lat' dir='ltr'><strong>transitum</strong></span> <span class='ocrx_word' id='word_1_539' title='bbox 2125 5324 2384 5405; x_wconf 79' lang='lat' dir='ltr'><strong>facere,</strong></span> <span class='ocrx_word' id='word_1_540' title='bbox 2445 5339 2523 5392; x_wconf 91' lang='lat' dir='ltr'><strong>ut</strong></span> <span class='ocrx_word' id='word_1_541' title='bbox 2581 5326 2712 5393; x_wconf 87' lang='lat' dir='ltr'><strong>sibi</strong></span> <span class='ocrx_word' id='word_1_542' title='bbox 2755 5328 3226 5407; x_wconf 82' lang='lat' dir='ltr'><strong>auxiliaretur3</strong></span> <span class='ocrx_word' id='word_1_543' title='bbox 3292 5343 3363 5397; x_wconf 91' lang='lat' dir='ltr'><strong>et</strong></span> <span class='ocrx_word' id='word_1_544' title='bbox 3421 5353 3508 5397; x_wconf 82' lang='lat' dir='ltr'><strong>ex</strong></span> <span class='ocrx_word' id='word_1_545' title='bbox 3565 5332 3884 5419; x_wconf 90' lang='lat' dir='ltr'><strong>opposito</strong></span> <span class='ocrx_word' id='word_1_546' title='bbox 3952 5353 4186 5401; x_wconf 91' lang='lat' dir='ltr'><strong>comes</strong></span> <span class='ocrx_word' id='word_1_547' title='bbox 4242 5332 4601 5423; x_wconf 88' lang='lat' dir='ltr'><strong>Jeronimus</strong></span> 
     </span>
     <span class='ocr_line' id='line_1_58' title="bbox 913 5423 4700 5529; baseline 0.004 -42"><span class='ocrx_word' id='word_1_548' title='bbox 913 5423 1155 5488; x_wconf 88' lang='lat' dir='ltr'><strong>summi</strong></span> <span class='ocrx_word' id='word_1_549' title='bbox 1183 5425 1531 5510; x_wconf 87' lang='lat' dir='ltr'><strong>pontificis</strong></span> <span class='ocrx_word' id='word_1_550' title='bbox 1576 5449 1797 5515; x_wconf 91' lang='lat' dir='ltr'><strong>nepos</strong></span> <span class='ocrx_word' id='word_1_551' title='bbox 1828 5449 1982 5495; x_wconf 94' lang='lat' dir='ltr'><strong>com</strong></span> <span class='ocrx_word' id='word_1_552' title='bbox 2014 5429 2302 5498; x_wconf 88' lang='lat' dir='ltr'><strong>Venetis</strong></span> <span class='ocrx_word' id='word_1_553' title='bbox 2349 5433 2710 5521; x_wconf 88' lang='lat' dir='ltr'><strong>colligatus</strong></span> <span class='ocrx_word' id='word_1_554' title='bbox 2757 5453 2913 5500; x_wconf 94' lang='lat' dir='ltr'><strong>com</strong></span> <span class='ocrx_word' id='word_1_555' title='bbox 2958 5435 3276 5522; x_wconf 89' lang='lat' dir='ltr'><strong>gentibus</strong></span> <span class='ocrx_word' id='word_1_556' title='bbox 3319 5438 3638 5505; x_wconf 89' lang='lat' dir='ltr'><strong>Ecclesie</strong></span> <span class='ocrx_word' id='word_1_557' title='bbox 3684 5460 3760 5505; x_wconf 89' lang='lat' dir='ltr'><strong>se</strong></span> <span class='ocrx_word' id='word_1_558' title='bbox 3809 5437 4431 5529; x_wconf 78' lang='lat' dir='ltr'><strong>opponeret,¹idem</strong></span> <span class='ocrx_word' id='word_1_559' title='bbox 4473 5438 4595 5503; x_wconf 88' lang='lat' dir='ltr'><strong>dux</strong></span> <span class='ocrx_word' id='word_1_560' title='bbox 4632 5428 4700 5496; x_wconf 80' lang='grc'><strong>45</strong></span> 
     </span>
     <span class='ocr_line' id='line_1_59' title="bbox 912 5529 4591 5635; baseline 0.004 -40"><span class='ocrx_word' id='word_1_561' title='bbox 912 5529 1260 5598; x_wconf 89' lang='lat' dir='ltr'><strong>Callabrie</strong></span> <span class='ocrx_word' id='word_1_562' title='bbox 1308 5532 1574 5620; x_wconf 90' lang='lat' dir='ltr'><strong>aliquas</strong></span> <span class='ocrx_word' id='word_1_563' title='bbox 1616 5547 1851 5620; x_wconf 88' lang='lat' dir='ltr'><strong>portas</strong></span> <span class='ocrx_word' id='word_1_564' title='bbox 1896 5536 2126 5603; x_wconf 90' lang='lat' dir='ltr'><strong>Rome</strong></span> <span class='ocrx_word' id='word_1_565' title='bbox 2172 5537 2483 5606; x_wconf 88' lang='lat' dir='ltr'><strong>incendit</strong></span> <span class='ocrx_word' id='word_1_566' title='bbox 2528 5553 2597 5606; x_wconf 91' lang='lat' dir='ltr'><strong>et</strong></span> <span class='ocrx_word' id='word_1_567' title='bbox 2639 5540 2939 5607; x_wconf 90' lang='lat' dir='ltr'><strong>Romam</strong></span> <span class='ocrx_word' id='word_1_568' title='bbox 2983 5540 3268 5610; x_wconf 89' lang='lat' dir='ltr'><strong>multum</strong></span> <span class='ocrx_word' id='word_1_569' title='bbox 3311 5544 3682 5613; x_wconf 82' lang='lat' dir='ltr'><strong>infestavit.</strong></span> <span class='ocrx_word' id='word_1_570' title='bbox 3760 5546 4073 5635; x_wconf 90' lang='lat' dir='ltr'><strong>Cumque</strong></span> <span class='ocrx_word' id='word_1_571' title='bbox 4120 5548 4261 5614; x_wconf 89' lang='lat' dir='ltr'><strong>duo</strong></span> <span class='ocrx_word' id='word_1_572' title='bbox 4309 5544 4591 5613; x_wconf 77' lang='lat' dir='ltr'><strong>cardina-</strong></span> 
     </span>
    </p>
   </div>
   <div class='ocr_carea' id='block_1_15' title="bbox 794 5636 4591 5744">
    <p class='ocr_par' dir='ltr' id='par_1_23' title="bbox 794 5636 4591 5744">
     <span class='ocr_line' id='line_1_60' title="bbox 794 5636 4591 5744; baseline 0.004 -44"><span class='ocrx_word' id='word_1_573' title='bbox 794 5722 807 5739; x_wconf 74' lang='lat'><strong>,</strong></span> <span class='ocrx_word' id='word_1_574' title='bbox 912 5636 1015 5702; x_wconf 90' lang='lat' dir='ltr'><strong>les</strong></span> <span class='ocrx_word' id='word_1_575' title='bbox 1065 5657 1221 5704; x_wconf 91' lang='lat' dir='ltr'><strong>com</strong></span> <span class='ocrx_word' id='word_1_576' title='bbox 1268 5639 1420 5726; x_wconf 91' lang='lat' dir='ltr'><strong>ipso</strong></span> <span class='ocrx_word' id='word_1_577' title='bbox 1468 5639 1646 5707; x_wconf 91' lang='lat' dir='ltr'><strong>duce</strong></span> <span class='ocrx_word' id='word_1_578' title='bbox 1692 5642 2215 5731; x_wconf 90' lang='lat' dir='ltr'><strong>intelligentiam</strong></span> <span class='ocrx_word' id='word_1_579' title='bbox 2263 5644 2603 5714; x_wconf 90' lang='lat' dir='ltr'><strong>haberent</strong></span> <span class='ocrx_word' id='word_1_580' title='bbox 2644 5648 2991 5733; x_wconf 91' lang='lat' dir='ltr'><strong>prodendi</strong></span> <span class='ocrx_word' id='word_1_581' title='bbox 3036 5662 3107 5716; x_wconf 91' lang='lat' dir='ltr'><strong>et</strong></span> <span class='ocrx_word' id='word_1_582' title='bbox 3153 5651 3504 5738; x_wconf 85' lang='lat' dir='ltr'><strong>capiendi</strong></span> <span class='ocrx_word' id='word_1_583' title='bbox 3508 5652 3829 5719; x_wconf 89' lang='lat' dir='ltr'><strong>comitem</strong></span> <span class='ocrx_word' id='word_1_584' title='bbox 3864 5652 4332 5744; x_wconf 82' lang='lat' dir='ltr'><strong>Jeronimum,&#39;</strong></span> <span class='ocrx_word' id='word_1_585' title='bbox 4340 5650 4591 5742; x_wconf 88' lang='lat' dir='ltr'><strong>negotio</strong></span> 
     </span>
    </p>
   </div>
   <div class='ocr_carea' id='block_1_16' title="bbox 907 5743 4512 5836">
    <p class='ocr_par' dir='ltr' id='par_1_24' title="bbox 907 5743 4512 5836">
     <span class='ocr_line' id='line_1_61' title="bbox 907 5743 4512 5836; baseline 0.004 -28"><span class='ocrx_word' id='word_1_586' title='bbox 907 5743 1291 5830; x_wconf 80' lang='lat' dir='ltr'><strong>patefactO,</strong></span> <span class='ocrx_word' id='word_1_587' title='bbox 1338 5746 1655 5833; x_wconf 83' lang='lat' dir='ltr'><strong>pontifex</strong></span> <span class='ocrx_word' id='word_1_588' title='bbox 1698 5748 1886 5835; x_wconf 88' lang='lat' dir='ltr'><strong>ipsos</strong></span> <span class='ocrx_word' id='word_1_589' title='bbox 1934 5751 2320 5818; x_wconf 86' lang='lat' dir='ltr'><strong>cardinales</strong></span> <span class='ocrx_word' id='word_1_590' title='bbox 2365 5752 2653 5820; x_wconf 87' lang='lat' dir='ltr'><strong>detinuit</strong></span> <span class='ocrx_word' id='word_1_591' title='bbox 2700 5764 2770 5820; x_wconf 90' lang='lat' dir='ltr'><strong>et</strong></span> <span class='ocrx_word' id='word_1_592' title='bbox 2816 5757 3216 5836; x_wconf 87' lang='lat' dir='ltr'><strong>carceravit,</strong></span> <span class='ocrx_word' id='word_1_593' title='bbox 3262 5757 3484 5826; x_wconf 90' lang='lat' dir='ltr'><strong>silicet</strong></span> <span class='ocrx_word' id='word_1_594' title='bbox 3526 5758 3852 5827; x_wconf 89' lang='lat' dir='ltr'><strong>Ursinum</strong></span> <span class='ocrx_word' id='word_1_595' title='bbox 3900 5774 3971 5828; x_wconf 90' lang='lat' dir='ltr'><strong>et</strong></span> <span class='ocrx_word' id='word_1_596' title='bbox 4015 5762 4512 5830; x_wconf 91' lang='lat' dir='ltr'><strong>Collonensem.</strong></span> 
     </span>
    </p>
   </div>
   <div class='ocr_carea' id='block_1_17' title="bbox 1088 6014 1846 6086">
    <p class='ocr_par' dir='ltr' id='par_1_25' title="bbox 1088 6014 1846 6086">
     <span class='ocr_line' id='line_1_62' title="bbox 1088 6014 1846 6086; baseline 0.007 -22"><span class='ocrx_word' id='word_1_597' title='bbox 1088 6026 1178 6081; x_wconf 79' lang='lat'><strong>43.</strong></span> <span class='ocrx_word' id='word_1_598' title='bbox 1214 6014 1450 6083; x_wconf 79' lang='lat' dir='ltr'><strong>Rovlgi]</strong></span> <span class='ocrx_word' id='word_1_599' title='bbox 1487 6014 1698 6086; x_wconf 72' lang='lat' dir='ltr'><strong>Rodtgi</strong></span> <span class='ocrx_word' id='word_1_600' title='bbox 1731 6018 1846 6070; x_wconf 78' lang='lat' dir='ltr'><strong>cod.</strong></span> 
     </span>
    </p>
   </div>
  </div>
 </body>
</html>
