4895 7066
562 1780 664 1818 υκ..
692 1769 775 1812 359

594 3055 780 3097 (3.94ῡ

933 421 1032 511 90
2215 427 2694 514 CRONICA
2750 431 3330 515 GESTORUM
3575 449 3680 521 [A.
3725 445 3890 508 uso
3927 447 4634 525 novembre-dieembre]

931 587 1182 597 mm
1186 587 1239 597 nou-
1243 588 1516 598 m-n—-n-u---nn
1520 588 1679 598 u---onaeouu
1683 587 1866 598 -οοοηιιιικ-οισ
1870 589 1877 596 ο
1881 588 2074 598 ικο-ο-μ-,οοιοκ
2078 588 2722 599 ι,ιιι-σοις...οωοοιι-οκωο-κσοκοω-ιοκοκοιοιοοκ
2726 589 3987 600 mmum—mn-mmfflmnummwm-m-

923 683 1133 750 ducto
1182 683 1502 771 Neapoli.
1597 682 1710 750 Ob
1757 683 1946 772 quod
1993 684 2135 750 dux
2179 684 2521 751 Hercules
2565 685 2782 751 iratus
2825 686 3042 752 muita
3102 685 3384 772 scripsit
3445 685 3634 752 dicto
3680 684 3967 753 domino
4011 686 4361 764 Roberto‚
4409 686 4528 774 qui
4568 706 4637 752 se

919 791 1275 857 excusavit
1320 802 1390 857 et
1435 789 1611 858 dixit
1654 790 1852 856 huius
1899 789 2005 857 rei
2052 810 2204 858 esse
2248 792 2583 881 ignarum.
2673 792 2765 858 Et
2794 791 2996 858 fillius
3024 812 3184 858 suus
3213 792 3567 879 predictus
3598 803 3668 858 et
3697 792 4159 859 Thomasinus
4193 792 4295 858 de
4323 791 4641 881 Vayllate

925 897 1069 964 eius
1115 896 1584 977 canzellarius,
1628 895 1899 963 iverunt
1942 897 2329 976 Mantuam3
2379 910 2450 964 et
2494 898 2768 977 dicitur,
2815 897 3006 986 quod
3037 898 3173 964 hoc
3204 898 3545 978 fecerunt,
3577 909 3653 964 ut
3678 898 4142 966 innocentiam
4193 897 4468 965 domini
4496 898 4635 965 Ro-

931 1002 1108 1071 berti
1152 1003 1315 1070 duci
1359 1003 1644 1070 Herculi
1689 1003 2209 1070 demostrarent.
2303 1003 2559 1092 Sicque
2606 1016 2817 1071 status
2863 1003 3122 1070 domini
3165 1002 3392 1070 Marci
3435 1004 3662 1071 salvus
3706 1006 4008 1072 restavit.

1101 1109 1277 1177 Cum
1323 1121 1474 1176 orta
1502 1110 1687 1176 foret
1717 1109 2058 1177 discensio
2088 1128 2231 1176 non
2259 1109 2537 1176 modica
2565 1110 2744 1177 inter
2788 1109 3139 1176 dominum
3169 1110 3621 1196 Baptistinum
3652 1111 3742 1177 de
3773 1111 4369 1200 Campofurgosio
4402 1112 4641 1178 ducem
4718 1112 4750 1178 5

919 1217 1143 1305 Janue
1191 1227 1262 1283 et
1305 1215 1655 1282 dominum
1701 1214 2067 1282 Obiectum
2115 1215 2203 1282 de
2249 1215 2502 1294 Fusco,
2551 1235 2843 1303 cumque
2887 1216 3036 1303 ipse
3086 1216 3225 1282 dux
3269 1216 3634 1283 nonnullos
3694 1217 4071 1306 armigeros
4119 1217 4403 1285 comitis
4462 1218 4643 1285 Mar-

922 1321 1052 1413 silij
1102 1322 1366 1389 Torelli
1413 1322 1691 1411 cognati
1736 1322 1839 1389 sui
1883 1333 2201 1389 vocasset
2247 1333 2317 1389 et
2360 1322 2580 1409 ipsum
2629 1322 2947 1390 comitem
2993 1322 3235 1410 Janue‚
3283 1322 3599 1389 dominus
3645 1323 3787 1389 dux
3832 1323 4222 1391 Mediolani
4269 1324 4492 1390 missit
4518 1325 4640 1411 ipsi

925 1428 1205 1496 domino
1252 1429 1550 1496 Obiecto
1597 1429 1856 1495 tenenti
1899 1428 2238 1494 Luculum
2269 1428 2456 1495 mille
2488 1429 3008 1515 provisionatos,
3042 1428 3364 1516 quoniam
3395 1429 3543 1515 ipse
3576 1429 3893 1496 dominus
3925 1428 4268 1497 Obiectus
4300 1430 4645 1516 pollicitus

925 1548 1030 1602 est
1061 1536 1434 1603 dominium
1478 1536 1699 1624 Janue
1747 1534 2025 1601 domino
2058 1535 2217 1601 duci
2248 1534 2652 1615 Mediolani,
2687 1535 2877 1602 cuius
2924 1546 3072 1602 erat
3101 1546 3260 1602 ante
3295 1535 3715 1602 creationem
3759 1535 3831 1601 in
3877 1536 4128 1604 ducem
4159 1536 4436 1602 domini
4463 1537 4641 1603 Bati-

923 1643 1080 1709 stini
1125 1643 1442 1730 predicti,
1490 1642 1607 1730 qui
1652 1643 1873 1729 ipsum
1919 1641 2290 1708 dominium
2339 1640 2648 1721 obtinuit,
2698 1662 2851 1708 cum
2911 1653 3124 1708 status
3166 1641 3550 1708 Mediolani
3610 1641 3740 1709 sibi
3798 1642 4256 1710 Castelletum
4323 1642 4638 1710 dedisset.
4688 1645 4755 1709 10

930 1747 1122 1827 Quid
1165 1749 1253 1817 sit
1294 1762 1655 1816 venturum
1700 1749 2035 1815 incertum
2082 1760 2186 1815 est
2232 1747 2322 1815 ob
2350 1749 2815 1838 Januen'sium
2846 1746 3326 1815 volubilitates.
3416 1746 3745 1816 Attamen
3787 1747 3878 1816 ab
3909 1771 4048 1817 una
4075 1761 4283 1837 parte
4319 1748 4642 1816 clamatur

934 1854 1402 1943 “Arragona„
1416 1903 1435 1934 ‚
1483 1853 1573 1921 ab
1616 1854 1753 1921 alia
1806 1857 1836 1890 “
1860 1854 2164 1937 Ducha„
2180 1905 2200 1922 .

1111 1961 1441 2049 Superius
1483 1961 1557 2027 in
1600 1982 1836 2027 mense
1882 1959 2186 2028 octobris
2229 1974 2576 2031 narratum
2623 1974 2726 2029 est
2772 1963 2861 2029 de
2909 1962 3208 2042 locustis,
3255 1984 3390 2050 que
3435 1962 3509 2028 in
3554 1981 3724 2051 agro
3770 1962 4129 2029 Parmensi
4177 1974 4641 2049 apparuerunt

932 2081 1004 2135 et
1046 2069 1252 2136 valde
1299 2066 1646 2135 dubitatur
1677 2068 1766 2135 de
1797 2079 2013 2155 peste.
2104 2068 2285 2135 Nam
2319 2069 2616 2158 legitur
2597 2091 2669 2136 m
2705 2069 3000 2135 cronicis
3032 2069 3346 2156 antiquis,
3379 2068 3567 2156 quod
3599 2081 3909 2155 tempore
3940 2068 4238 2159 Pellagij
4277 2069 4637 2155 pontificis,

924 2191 1108 2242 anno
1154 2175 1414 2242 domini
1460 2176 1612 2254 938,
1659 2176 1920 2242 locuste
1966 2174 2559 2244 innumerabiles
2540 2197 2613 2244 m
2659 2176 2879 2266 Galijs
2910 2188 3395 2263 apparuerunt,
3425 2196 3626 2242 senas
3655 2173 3992 2242 habentes
4022 2173 4216 2256 allas,
4251 2198 4379 2242 sex
4408 2176 4635 2263 pedes,
4682 2174 4743 2241 15

921 2283 1096 2349 duos
1141 2282 1385 2349 dentes
1431 2280 1773 2368 lapidibus
1817 2281 2149 2363 duriores,
2195 2295 2270 2349 ut
2316 2295 2694 2352 castrorum
2739 2283 2910 2350 aties
2953 2282 3295 2349 turmatim
3354 2282 3687 2362 volantes,
3749 2283 4041 2369 spatium
4103 2283 4341 2349 diurni
4389 2283 4638 2349 itineris

930 2400 1222 2476 quatuor
1254 2401 1371 2454 aut
1398 2387 1699 2475 quinque
1744 2387 2017 2455 milibus
2064 2388 2535 2468 extendentes,
2584 2388 2813 2455 omnia
2855 2387 3165 2455 viridia
3145 2409 3219 2453 ιιι
3264 2385 3497 2454 herbis
3529 2399 3598 2454 et
3628 2386 3988 2454 arboribus
4016 2399 4396 2454 vastantes.
4487 2388 4635 2467 Que

928 2516 1142 2583 usque
1189 2494 1280 2560 ad
1323 2516 1512 2560 mare
1557 2494 1977 2561 Britanicum
2020 2496 2523 2581 pervenientes,
2572 2495 2851 2561 tandem
2895 2494 3061 2561 flatu
3120 2505 3480 2560 ventorum
3521 2493 3596 2559 in
3639 2494 3993 2581 profundo
4051 2494 4266 2560 maris
4321 2494 4627 2560 demerse

926 2614 1100 2668 sunt.
1194 2601 1339 2669 Sed
1386 2613 1534 2668 estu
1579 2600 1826 2668 oceani
1871 2601 1963 2667 ad
2008 2601 2164 2669 litus
2205 2601 2488 2684 reiecte,
2522 2624 2609 2668 ex
2638 2622 2761 2668 sua
2788 2601 3154 2688 putredine
3186 2622 3417 2667 aerem
3448 2613 3923 2687 corruperunt.
4013 2601 4230 2669 Unde
4260 2600 4629 2667 mortalitas

923 2708 1218 2774 maxima
1263 2721 1333 2775 et
1378 2709 1596 2774 fames
1639 2708 1998 2795 pervalida
2044 2720 2146 2775 est
2191 2721 2449 2788 secuta,
2494 2720 2570 2775 ut
2614 2709 2765 2775 fere
2797 2708 2999 2775 tertia
3027 2729 3188 2795 pars
3217 2707 3566 2773 hominum
3594 2706 3949 2774 interierit.
4041 2707 4202 2774 Hoc
4235 2707 4429 2774 idem
4457 2726 4630 2773 anno
4668 2709 4740 2772 20

925 2816 1066 2906 jam
1112 2814 1487 2882 centesimo
1535 2814 1764 2881 evenit
1792 2815 1865 2881 in
1897 2835 2066 2903 agro
2096 2815 2472 2895 Parmensi,
2520 2815 2698 2882 adeo
2744 2816 2935 2903 quod
2983 2815 3211 2880 omnia
3253 2813 3501 2880 viridia
3525 2813 3600 2878 in
3627 2813 3851 2900 primo
3881 2835 4048 2881 vere
4080 2815 4543 2882 corroderunt
4570 2825 4634 2879 et

927 2921 1157 3009 pestis,
1205 2941 1291 2987 ac
1335 2921 1556 2987 fames
1603 2932 1705 2987 est
1748 2933 2005 2989 secuta.
2055 2959 2141 2970 —
2187 2922 2343 2988 Hoc
2389 2934 2700 3009 tempore
2748 2920 3080 2988 Faraonis
3127 2919 3370 3008 legitur
3418 2919 3747 2987 evenisse.

1106 3028 1263 3094 Hoc
1306 3049 1541 3094 mense
1588 3027 1979 3094 novembris
2024 3048 2190 3117 rege
2235 3028 2680 3095 Ferdinando
2728 3048 2772 3093 a
2815 3027 3098 3093 domino
3144 3027 3323 3093 duce
3367 3025 3751 3091 Mediolani
3798 3027 4050 3094 auxilia
4075 3039 4364 3115 petente
4400 3039 4628 3094 contra

925 3133 1241 3201 Teucros
1284 3133 1356 3199 in
1398 3131 1675 3220 Apulea
1720 3147 1789 3200 et
1835 3153 1920 3200 eo
1965 3155 2107 3201 non
2151 3134 2549 3202 restituente
2598 3146 2823 3200 castra
2866 3131 3280 3201 Florentinis
3324 3131 3452 3199 sibi
3499 3144 3861 3219 occupata,
3922 3155 4334 3221 responsum
4381 3145 4484 3200 est
4521 3132 4627 3208 illi.

930 3241 1120 3328 quod
1163 3240 1471 3328 primitus
1516 3252 1739 3307 castra
1780 3240 1932 3327 ipsa
1974 3241 2303 3322 restituat,
2352 3241 2551 3308 aliter
2595 3260 2738 3307 non
2781 3253 3015 3327 speret
3060 3261 3102 3305 a
3147 3239 3429 3306 domino
3474 3238 3860 3307 Mediolani
3907 3241 4088 3307 duce
4135 3241 4482 3308 auxilium.
4664 3235 4733 3304 25

1104 3347 1281 3415 Cum
1327 3346 1620 3412 maxima
1664 3346 2110 3434 pecuniarum
2140 3358 2414 3415 ‘summa
2443 3346 2813 3418 deberetur
2842 3369 2972 3434 per
3003 3346 3353 3413 dominum
3402 3346 3653 3412 ducem
3697 3345 4082 3413 Mediolani
4127 3346 4627 3414 marchionibus

934 3452 1420 3532 Montisferati‚
1468 3452 1748 3520 Ferarie
1796 3465 1867 3521 et
1908 3453 2216 3533 Mantue‚
2263 3474 2348 3521 ac
2394 3454 2543 3543 alijs
2587 3453 3070 3545 stipendiarijs,
3131 3473 3407 3519 recessa
3466 3452 3747 3518 domina
3806 3453 4079 3519 ducissa
4122 3475 4165 3519 a
4209 3454 4625 3530 Mediolano,

923 3560 1198 3653 jocalia,
1224 3573 1582 3649 argentum
1615 3572 1685 3627 et
1712 3581 1877 3627 vasa
1908 3582 2117 3628 aurea
2137 3562 2431 3629 maximo
2463 3563 2536 3628 in
2564 3581 2848 3628 numero
2879 3561 3122 3628 relicta
3148 3582 3277 3647 per
3307 3560 3656 3647 quondam
3680 3561 4032 3627 dominum
4065 3562 4322 3628 ducem
4355 3560 4623 3629 Galleaz

925 3668 999 3733 in
1041 3678 1260 3734 morte
1306 3689 1448 3746 sua,
1494 3667 1776 3734 vendita
1823 3679 1892 3734 et
1936 3668 2332 3755 dispensata
2376 3683 2553 3749 sunt,
2602 3688 2687 3735 ac
2735 3690 2823 3735 ex
2868 3668 2966 3734 eis
3012 3665 3324 3735 omnibus
3373 3666 3822 3746 satisfactum,
3869 3688 3959 3733 ne
4005 3689 4249 3735 manus
4295 3668 4370 3733 in
4416 3666 4623 3734 erario

924 3775 1225 3862 reposito
1269 3774 1342 3839 in
1386 3774 1620 3862 primis
1664 3786 1876 3842 status
1920 3775 2264 3867 fortilicijs
2307 3776 2843 3863 imponerentur,
2877 3787 2947 3841 et
2989 3796 3079 3840 ne
3111 3773 3236 3841 sub
3281 3773 3512 3840 uxuris
3555 3786 3767 3841 status
3810 3773 4192 3841 Mediolani
4226 3773 4618 3842 subiaceret.
4658 3772 4726 3836 30

925 3880 1087 3960 Que
1133 3881 1412 3970 quidem
1457 3880 1729 3973 jocalia,
1774 3903 1940 3948 vasa
1983 3904 2192 3949 aurea
2239 3896 2308 3950 et
2353 3896 2684 3973 argentea
2729 3896 2923 3951 erant
2969 3880 3242 3947 maximi
3288 3879 3502 3968 precij
3554 3892 3624 3947 et
3666 3879 4151 3948 inextimabilis
4178 3882 4455 3949 valoris·
4541 3880 4622 3945 Et

924 3989 1104 4055 inter
1150 4001 1385 4055 cetera
1427 3989 1718 4055 aderant
1763 3988 1990 4054 omnia
2034 3989 2437 4057 fulcimenta
2480 4012 2611 4077 pro
2657 3990 2891 4058 tabula
2948 3987 3279 4077 principis
3340 4008 3551 4055 aurea
3592 3988 3664 4054 in
3707 4008 3996 4055 numero
4027 3987 4459 4056 duodenario
4499 4006 4616 4074 pro

921 4095 1189 4184 singula
1231 4117 1329 4175 re,
1377 4094 1636 4183 absque
1682 4093 2014 4162 bronzino
2062 4108 2131 4163 et
2176 4095 2407 4164 bacilli
2438 4098 2680 4165 aureis.

1100 4201 1459 4268 Habentur
1503 4202 1728 4268 littere
1776 4223 1864 4267 ex
1909 4202 2212 4288 Neapoli
2256 4203 2445 4270 circa
2489 4205 2696 4271 finem
2728 4203 3121 4272 novembris
3153 4201 3314 4269 anni
3353 4203 3520 4270 1480
3565 4201 3885 4290 qualliter
3928 4203 4282 4270 mediante
4326 4199 4613 4290 Ungarie

926 4330 1093 4399 rege
1139 4328 1400 4398 genero
1444 4307 1628 4396 regis
1671 4307 2096 4375 Ferdinandi
2142 4321 2473 4377 tractatur
2516 4332 2654 4398 pax
2696 4311 2876 4378 inter
2919 4311 3278 4377 Turchum
3327 4321 3396 4375 et
3438 4309 3660 4396 ipsum
3705 4329 3942 4398 regem
3989 4309 4520 4377 Ferdinandum.
4649 4300 4717 4369 35

1097 4416 1367 4483 Octavo
1413 4414 1802 4483 decembris
1847 4428 2126 4503 reperta
2171 4429 2276 4485 est
2316 4437 2447 4505 per
2490 4420 2756 4506 plateas
2785 4418 3044 4487 frotula
3070 4418 3145 4484 in
3172 4417 3423 4484 Parma
3452 4417 3543 4484 de
3576 4428 3870 4505 quatuor
3896 4417 4211 4505 squadris
4241 4413 4613 4485 huiusmodi

921 4523 1205 4604 tenoris,
1251 4522 1619 4591 videlicet:

1991 4682 2055 4755 O
2097 4710 2228 4776 vuy
2272 4688 2395 4779 εῆᾳ
2438 4689 2557 4757 del
2589 4689 2668 4759 D
2708 4689 2949 4757 haveto
2973 4687 3182 4781 facto
3225 4712 3318 4757 un
3362 4687 3428 4756 C

2077 4790 2213 4858 Chi
2251 4798 2380 4880 ten,
2428 4789 2546 4859 chi
2584 4793 2768 4859 tirra
2812 4814 2850 4859 e
2894 4793 3011 4859 chi
3047 4792 3141 4858 ha
3183 4793 3300 4859 del
3344 4790 3429 4860 T.

1995 4893 2102 4960 Et
2143 4915 2267 4982 voy
2312 4895 2428 4961 chi
2463 4896 2598 4961 seti
2615 4893 2818 4985 facti
2851 4895 3117 4961 schlavi
3152 4893 3270 4961 del
3301 4894 3381 4963 R
4640 4882 4709 4950 ⁴0

2085 4996 2376 5064 Vivemdo
2417 4998 2668 5066 stareti
2703 5003 2974 5087 sempre
3017 4998 3093 5063 in
3132 4990 3427 5085 guerra.

1989 5097 2074 5167 Ε
2109 5101 2259 5167 dico
2303 5100 2424 5167 che
2470 5123 2601 5188 vuy
2646 5098 2765 5167 che
2807 5100 3138 5166 chiamati
3175 5100 3239 5165 lo
3297 5095 3367 5167 V

2078 5202 2213 5269 Chi
2251 5224 2335 5268 ne
2371 5209 2601 5293 prava
2643 5222 2773 5269 uno
2817 5225 2947 5268 non
2989 5224 3072 5268 ne
3113 5202 3265 5268 vole
3302 5201 3451 5293 piae'c.

1982 5305 2134 5393 Poy
2177 5314 2343 5371 star·
2371 5327 2503 5371 non
2543 5311 2741 5394 passo
2784 5304 2905 5371 che
2948 5327 3082 5371 non
3127 5306 3284 5371 dica
3326 5305 3443 5372 del
3484 5305 3551 5373 G

2076 5403 2217 5474 Che
2260 5403 2337 5473 al
2371 5415 2670 5475 mercato
2712 5428 2930 5473 vanno
2974 5426 3097 5474 con
3140 5408 3273 5495 duy
3317 5407 3563 5474 mantb.
4636 5392 4702 5462 45

2071 5568 2166 5638 D.
2214 5566 2400 5637 idest
2442 5564 2743 5649 Ducalli,

2072 5672 2148 5742 C.
2195 5673 2380 5741 idest
2421 5671 2775 5752 Corezesi,

2067 5776 2167 5844 R.
2210 5775 2397 5843 idest
2439 5774 2693 5855 Rosso,

2084 5876 2156 5946 V.
2204 5877 2389 5945 idest
2432 5877 2576 5964 San
2618 5875 2837 5956 Vital,

2074 5980 2157 6048 G.
2204 5979 2385 6048 idest
2430 5979 2782 6049 Gibellini.
4628 5963 4694 6033 5⁰
