4895 7066
514 1853 668 1903 Μυκ..
699 1854 772 1894 341

578 2714 619 2749 C·
650 2711 763 2752 77²·

558 5169 747 5211 απτ

476 5695 629 5744 Mna„
661 5696 748 5736 ³42

941 498 1035 583 72
2225 508 2704 582 CRONICA
2759 506 3337 581 GESTORUM
4047 515 4154 588 [A.
4196 519 4361 575 1480
4400 518 4656 589 giugno]

967 655 2497 669 omum-mamamoo-ovoo-o--oma-oo—--onm-u---n-u-n--o--v---c--v---e--um-m-o--n—anuo-uooo-—no-oon-
2503 655 4288 666 --------0-00··-...muna-nun„..00..-.----·.··..-.-..n-...n—o-o-oo·--oooo--oe--oo---oanmun-*.-·ummmoffloffl—m
4293 652 4650 663 mmm

918 788 1045 834 nes
1079 765 1415 844 Quirinus
1447 778 1552 835 est
1583 768 1675 834 de
1704 768 2045 835 Lallacta.
2136 768 2424 836 Trottus
2471 779 2577 836 est
2623 768 2948 835 dominus
2976 766 3329 835 Antonius
3358 768 3672 848 Trottus,
3705 768 3827 857 qui
3863 768 4224 835 consuevit
4268 767 4652 835 clamidem

924 894 1117 940 suam
1162 896 1435 962 semper
1478 875 1756 942 trahere
1802 875 1892 942 ab
1938 875 2171 963 aliqua
2213 868 2433 962 parte.
2525 876 2759 964 Judex
2806 877 2896 943 de
2944 875 3215 943 Canalli
3260 887 3364 941 est
3409 875 3735 942 dominus
3782 875 4137 942 Guielmus
4184 877 4464 943 doctor.

1101 981 1262 1061 Que
1311 981 1592 1070 quidem
1638 981 1835 1049 crida
1879 982 2013 1049 fuit
2058 982 2390 1049 reiterata
2434 983 2642 1049 tertio
2684 982 2883 1072 junij.

1103 1087 1377 1175 Scripte
1425 1099 1584 1155 sunt
1626 1089 1855 1155 littere
1899 1107 1988 1154 ex
2048 1088 2426 1168 Florentia,
2474 1087 2795 1176 qualliter
2854 1107 2981 1154 rex
3041 1089 3529 1156 Ferdinandus
3588 1091 3727 1155 suis
3790 1089 4111 1156 omnibus
4156 1089 4652 1179 stipendiarijs

932 1196 1116 1263 'nunc
1159 1194 1495 1283 pecunias
1539 1196 1660 1261 dat
1706 1207 1776 1263 et
1822 1207 2158 1283 quotquot
2203 1195 2587 1284 armigeros
2633 1195 2924 1276 invenit,
2972 1196 3064 1262 ad
3093 1217 3218 1262 sua
3249 1196 3529 1262 servitia
3575 1198 3943 1274 conducit;
3994 1195 4523 1285 dubitaturque‚
4561 1215 4650 1259 ne
4738 1193 4772 1258 5

924 1302 998 1367 in
1042 1302 1354 1390 partibus
1396 1302 1860 1369 Romandiole
1907 1322 2190 1390 gueram
2236 1302 2454 1370 faciat
2498 1304 2632 1368 hoc
2679 1324 2881 1370 anno.
2976 1303 3139 1382 Qua
3181 1324 3311 1389 pro
3360 1324 3570 1369 causa
3598 1303 3883 1369 illustris
3915 1305 4236 1370 dominus
4280 1302 4655 1369 Robertus

925 1409 1015 1475 de
1063 1408 1324 1477 Sancto
1371 1408 1707 1476 Severino
1752 1409 2115 1496 profectus
2162 1420 2268 1476 est
2313 1408 2553 1488 Senas,
2600 1409 2721 1474 ubi
2770 1409 2970 1477 adest
3016 1409 3158 1475 dux
3202 1409 3552 1477 Callabrie
3597 1410 4100 1498 primogenitus
4146 1410 4322 1475 dicti
4359 1409 4556 1498 regis
4588 1419 4657 1473 et

926 1515 1241 1583 creditur
1286 1515 1462 1583 effici
1507 1515 1907 1601 capitaneus
1949 1535 2131 1595 suus,
2180 1515 2502 1603 quoniam
2548 1516 2690 1581 dux
2735 1514 2988 1583 Urbini
3035 1515 3265 1582 factus
3311 1527 3416 1581 est
3463 1516 3866 1601 capitaneus
3913 1515 4234 1582 Ecclesie
4286 1536 4451 1580 com
4503 1515 4654 1580 Ve-

924 1623 1103 1689 netis
1149 1622 1496 1712 colligate.

1099 1729 1237 1796 Die
1282 1741 1530 1817 quarto
1571 1730 1747 1819 junij
1795 1729 1970 1796 dicti
2014 1730 2179 1796 anni
2231 1729 2399 1794 1480
2430 1728 2622 1796 venit
2652 1728 2972 1796 Parmam
3016 1730 3635 1797 reverendissimus
3680 1728 4002 1796 dominus
4046 1728 4432 1795 cardinalis
4480 1727 4652 1794 Col-
4706 1728 4777 1791 10

928 1834 1140 1915 lonie,
1186 1835 1409 1903 iturus
1454 1837 1544 1902 ad
1591 1836 2097 1902 serenissimum
2146 1835 2500 1902 dominum
2547 1856 2780 1925 regem
2827 1836 3145 1914 Francie,
3178 1839 3298 1923 qui
3343 1836 3753 1925 alloggiavit
3798 1835 3873 1901 in
3920 1835 4207 1922 pallatio
4240 1832 4655 1921 epi'scopali

917 1962 1074 2007 cum
1123 1942 1406 2010 domino
1451 1942 1788 2029 episcopo
1832 1940 2209 2009 Parmensi.
2299 1943 2434 2009 Die
2484 1954 2726 2031 sequta
2770 1942 3035 2009 audivit
3078 1942 3354 2008 missam
3400 1941 3475 2008 in
3522 1942 3825 2009 ecclesia
3867 1942 4149 2009 maiori:
4197 1943 4392 2007 facto
4426 1962 4650 2027 pran-

917 2047 1039 2115 dio
1084 2047 1210 2115 ivit
1250 2049 1575 2139 Burgum.

1093 2153 1306 2223 Sexto
1351 2156 1522 2245 junij
1572 2156 1821 2224 ductus
1868 2169 1970 2223 est
2013 2157 2333 2224 Parmam
2378 2178 2421 2222 a
2467 2156 2962 2244 provisionatis
3006 2178 3093 2223 ex
3135 2156 3545 2223 Mediolano
3593 2156 3877 2245 quidam
3932 2156 4114 2222 filius
4172 2155 4345 2222 doni
4405 2153 4653 2220 Pelle·

918 2260 1106 2349 grini
1170 2264 1259 2330 de
1318 2263 1389 2330 la
1433 2264 1799 2332 Catellatia
1842 2264 2228 2353 presbyteri
2288 2265 2361 2329 in
2421 2264 2804 2345 Collumio,
2870 2265 2958 2332 de
3018 2277 3213 2351 parte
3275 2264 3729 2352 Corrigiensi,
3795 2264 3917 2352 qui
3977 2262 4298 2330 interfuit
4358 2260 4649 2328 robarie
4702 2258 4771 2323 15

918 2368 1162 2435 hebrei
1207 2370 1419 2450 facte,
1465 2383 1542 2438 ut
1585 2371 1901 2458 superius
1946 2382 2298 2437 narratum
2349 2381 2473 2439 est.
2563 2372 2997 2458 Expectatur
3042 2383 3247 2459 atque
3295 2370 3580 2457 quidam
3643 2370 3848 2437 fillius
3907 2369 4277 2437 Michaelis
4325 2370 4419 2436 de
4472 2367 4649 2434 Val-

911 2473 1103 2564 lerijs
1150 2475 1238 2542 de
1281 2488 1481 2564 parte
1526 2477 1978 2557 Pallavicina,
2011 2477 2133 2565 qui
2180 2478 2388 2544 etiam
2434 2479 2569 2544 fuit
2611 2479 2967 2564 particeps
3014 2489 3086 2544 et
3133 2476 3503 2543 consocius
3549 2477 3716 2542 furti
3760 2476 4087 2563 predicti,
4136 2486 4383 2562 captus
4432 2474 4650 2539 Man-

914 2594 1029 2646 tue
1076 2592 1144 2648 et
1190 2578 1452 2650 dicitur
1496 2586 1689 2672 quod
1732 2585 1873 2651 alia
1915 2586 2106 2651 furta
2151 2595 2222 2649 et
2269 2585 2528 2651 delicta
2573 2584 3098 2651 commisserunt
3144 2596 3215 2651 et
3258 2585 3446 2671 quod
3498 2585 3588 2650 ad
3634 2586 3870 2649 furcas
3923 2583 4436 2669 appendentur.

1086 2688 1371 2770 Hebrei‚
1419 2691 1779 2777 quierant
1822 2691 2135 2780 Trivisij,
2182 2692 2593 2758 occiderunt
2636 2692 2981 2777 quendam
3027 2691 3371 2755 infantem
3437 2689 3911 2769 christianum,
3973 2702 4050 2756 ut
4110 2689 4291 2755 illius
4353 2686 4648 2774 sangui-

911 2813 1073 2857 nem
1132 2797 1602 2883 perciperent,
1664 2818 1802 2885 quo
1864 2797 2078 2864 multe
2139 2817 2379 2863 eorum
2440 2797 2873 2863 infirmitates
2932 2807 3282 2862 sanantur.
3376 2795 3487 2862 Re
3545 2798 3829 2863 detecta
3891 2795 4084 2883 capti
4152 2805 4311 2862 sunt
4369 2814 4647 2869 omnes,
4694 2794 4774 2856 20

914 2919 1206 2986 quorum
1250 2902 1468 2990 aliqui
1509 2905 1770 2989 apensi,
1816 2902 2037 2991 aliqui
2086 2904 2394 2983 cremati,
2442 2904 2659 2991 aliqui
2707 2903 3047 2990 impallati
3090 2915 3249 2969 sunt
3279 2914 3352 2969 et
3400 2904 3687 2970 diversis
3733 2902 4093 2968 tormentis
4138 2901 4455 2967 mactati.
4555 2901 4650 2965 Et

908 3018 1012 3073 est
1055 3006 1434 3089 sciendum,
1480 3011 1670 3098 quod
1715 3022 1874 3077 sunt
1917 3009 2087 3075 anni
2132 3009 2462 3097 quinque,
2510 3011 2758 3097 quibus
2814 3009 3009 3098 judei
3054 3022 3558 3076 commorantes
3602 3010 3948 3088 Tridenti‚
3995 3010 4287 3076 similem
4340 3006 4651 3073 infantis

912 3114 1339 3182 occisionem
1397 3117 1737 3197 fecerant,
1799 3139 1938 3204 qua
1995 3118 2347 3203 patefacta
2407 3136 2650 3182 omnes
2714 3118 3032 3184 crudeles
3092 3130 3346 3184 mortes
3406 3116 3592 3204 passi
3639 3129 3818 3183 sunt.
3909 3117 4090 3183 Nam
4155 3128 4364 3201 capto
4410 3133 4648 3201 puero

914 3223 1217 3306 quodam
1262 3223 1616 3291 nominato
1664 3223 1971 3302 Simone,
2019 3224 2212 3289 illum
2273 3224 2575 3310 ligarunt
2620 3223 2690 3289 in
2736 3225 2982 3302 asside,
3031 3245 3190 3291 com
3235 3224 3543 3290 accubus
3591 3236 3662 3290 et
3708 3225 3909 3290 stillis
3953 3223 4171 3289 fereis
4216 3223 4644 3311 sanguinem

915 3328 1403 3415 percipientes.
1496 3330 1660 3409 Quo
1706 3341 1999 3409 mortu0,
2034 3329 2215 3395 illius
2249 3331 2554 3396 cadaver
2594 3330 2668 3395 in
2716 3343 2908 3397 certo
2941 3331 3194 3397 canalii
3238 3332 3646 3410 iniecerunt,
3681 3332 3871 3419 quod
3902 3329 4298 3417 parentibus
4343 3327 4647 3415 perqui-
4691 3324 4766 3390 25

911 3433 1222 3502 rentibus
1266 3447 1618 3523 repertum
1664 3436 1796 3504 fuit
1845 3437 2144 3523 desuper
2188 3457 2435 3523 aquam
2484 3448 2768 3503 enatans
2815 3438 3139 3525 quodque
3185 3438 3463 3504 infinita
3521 3438 3854 3503 miracula
3915 3436 4452 3504 demonstravit.
4552 3434 4646 3499 Et

910 3539 1140 3609 dictus
1184 3555 1306 3623 est,
1352 3565 1437 3611 ac
1485 3543 1746 3610 dicitur
1790 3543 2031 3610 beatus
2078 3543 2342 3611 Simon.
2434 3541 2552 3608 Ad
2600 3564 2805 3632 quem
2857 3544 3053 3610 multi
3102 3546 3516 3612 accedentes
3562 3545 3816 3611 infirmi
3878 3567 3966 3611 ex
4023 3544 4317 3610 diversis
4362 3544 4642 3630 egritu-

908 3646 1189 3718 dinibus
1234 3651 1461 3738 gratia
1504 3649 1638 3717 Dei
1681 3661 1838 3715 sunt
1883 3649 2126 3740 sanati.
2217 3651 2537 3716 Tandem
2578 3650 2768 3738 judei
2815 3651 2950 3737 ipsi
2995 3651 3411 3718 multifarias
3455 3664 3526 3718 et
3573 3652 3957 3741 condignas
4002 3662 4261 3717 mortes
4302 3651 4536 3715 luere.

1080 3756 1600 3824 Tertiodecimo
1643 3756 1818 3847 junij
1876 3757 2044 3822 1480
2074 3756 2358 3844 quidam
2404 3757 2582 3823 filius
2627 3756 2997 3824 Michaelis
3044 3758 3330 3847 Vallerij
3385 3759 3562 3824 civis
3605 3757 3855 3824 Parme
3903 3768 4148 3844 captus
4192 3758 4499 3822 Mantue
4547 3753 4640 3821 ob

912 3861 1170 3928 furtum
1201 3863 1447 3931 hebrei
1493 3863 1845 3931 commissi
1892 3864 1967 3929 in
2012 3862 2264 3929 Parma
2309 3865 2624 3949 superius
2667 3866 2989 3943 enarrati,
3039 3864 3288 3931 ductus
3330 3876 3435 3931 est
3479 3864 3799 3931 Parmam
3844 3876 3913 3930 et
3956 3876 4037 3931 ut
4077 3865 4321 3942 fertur,
4357 3883 4639 3949 appen-
4683 3862 4763 3926 30

905 3967 1173 4035 dendus
1219 3992 1377 4038 com
1425 3969 1561 4036 alio
1594 3990 1716 4037 suo
1764 3969 2078 4036 consotio
2110 3969 2202 4036 de
2235 3969 2301 4034 la
2345 3968 2735 4046 Catellatia,
2782 3981 2859 4035 ut
2906 3992 3113 4056 supra
3142 3993 3185 4036 a
3218 3968 3628 4037 Mediolano
3677 3970 3768 4038 ob
3815 3971 4040 4056 ipsum
4087 3971 4350 4035 furtum
4382 3970 4637 4036 duct0.

1089 4073 1254 4153 Qua
1299 4078 1412 4143 die
1441 4077 1668 4144 ‘etiam
1714 4077 1900 4163 capti
1946 4089 2105 4143 sunt
2150 4087 2216 4142 et
2262 4075 2460 4141 ducti
2507 4076 2825 4142 Parmam
2874 4087 3016 4143 tres
3061 4077 3351 4144 ruralles
3396 4077 3686 4163 capistri
3734 4089 3804 4144 et
3848 4077 4113 4143 viarum
4178 4076 4638 4142 insidiatores

910 4181 999 4248 de
1063 4182 1387 4262 Sorbulo,
1448 4185 1568 4270 qui
1631 4184 1962 4249 dicuntur
2021 4182 2362 4249 occidisse
2425 4182 2569 4248 illic
2615 4182 2971 4262 hebreum,
3021 4184 3109 4250 de
3172 4204 3311 4271 quo
3373 4205 3584 4269 supra
3644 4186 3719 4249 fit
3763 4183 4045 4263 mentio,
4092 4183 4214 4249 ubi
4262 4182 4484 4248 etiam
4534 4195 4640 4247 est

911 4288 1182 4356 occisus
1246 4290 1524 4378 quidam
1586 4290 1761 4356 alius
1817 4289 2189 4378 malgarius
2235 4300 2306 4355 et
2352 4288 2549 4354 multi
2594 4288 2713 4378 alij
2763 4290 3065 4357 viatores
3112 4292 3472 4357 denudati.
3568 4291 3751 4356 Nam
3796 4291 4057 4377 ubique
4104 4290 4179 4354 in
4233 4308 4405 4377 agro
4457 4289 4640 4354 Par-

901 4394 1122 4461 mensi
1168 4397 1425 4464 fiebant
1483 4398 1673 4462 furta
1729 4397 1983 4483 pallam
2045 4406 2116 4461 et
2173 4394 2477 4481 impune.
2571 4396 2662 4461 Et
2706 4394 2798 4461 ob
2844 4397 2977 4462 hoc
3023 4396 3447 4485 gubernator
3502 4397 3703 4486 jussit
3763 4396 4055 4484 singulis
4118 4395 4446 4461 villarum
4504 4394 4639 4459 mi-
4682 4393 4759 4458 35

897 4502 1239 4582 stralibus,
1305 4502 1493 4590 quod
1551 4502 1750 4568 talles
1811 4502 2230 4569 derobantes
2275 4501 2576 4586 capiant,
2624 4502 2737 4567 vel
2786 4502 3118 4570 occidant
3130 4528 3149 4581 3
3197 4504 3289 4569 ad
3336 4523 3509 4590 quos
3554 4514 3694 4570 tres
3740 4502 4129 4590 capiendos
4178 4512 4640 4568 accesserunt

898 4610 1300 4696 quammulti
1346 4607 1800 4695 provisionati
1844 4621 1915 4675 et
1958 4620 2358 4695 expectatur
2402 4608 2538 4675 hec
2581 4608 2868 4696 justitia.

1072 4716 1248 4783 Cum
1279 4717 1443 4782 torti
1468 4716 1761 4781 fuissent
1789 4715 2095 4800 predicti
2123 4715 2385 4780 rurales
2416 4715 2801 4802 nuncupati
2827 4716 2917 4783 de
2939 4715 3225 4798 Risinis,
3243 4719 3490 4783 unicus
3522 4717 3851 4784 remansit
3881 4717 3957 4782 in
3990 4713 4284 4784 forciam
4306 4717 4639 4783 commis-

892 4822 1081 4911 sarij,
1113 4823 1272 4912 alijs
1302 4821 1684 4908 relapsatis.
1774 4821 1909 4887 Hic
1957 4822 2145 4887 enim
2191 4822 2406 4887 multa
2435 4821 2626 4889 furta
2669 4822 3109 4909 propallavit,
3139 4846 3226 4890 ex
3256 4824 3504 4911 quibus
3536 4825 3657 4891 die
3687 4825 3776 4890 29
3801 4823 3972 4911 junij
4009 4825 4142 4889 fuit
4175 4843 4529 4910 appensus
4561 4824 4636 4888 in

896 4928 1153 5016 glareis
1198 4930 1447 4997 Parme
1459 4953 1479 5006 3
1511 4939 1582 4994 et
1624 4927 1812 4994 inter
1856 4927 2396 4994 commissarium
2431 4938 2502 4994 et
2529 4940 2940 5015 potestatem
2971 4930 3218 4997 oborta
3247 4942 3350 4996 est
3379 4930 3594 4997 multa
3642 4930 4018 5008 discensio,
4054 4930 4219 4997 licet
4249 4930 4461 4996 ambo
4495 4931 4639 4996 sint
4683 4930 4761 4994 40

891 5034 1376 5113 Alexandrini,
1422 5034 1747 5122 quoniam
1795 5044 2101 5120 potestas
2145 5035 2328 5101 hanc
2372 5035 2702 5124 justitiam
2746 5037 2997 5103 nolluit
3042 5038 3277 5103 facere
3309 5050 3378 5103 et
3410 5038 3922 5104 commissarius
3968 5037 4156 5103 illam
4189 5036 4632 5125 adimplevit.

1076 5141 1431 5219 Quoniam
1474 5161 1774 5207 summus
1817 5141 2138 5228 pontifex
2186 5142 2551 5230 colligatus
2595 5162 2751 5209 com
2801 5143 3093 5210 Venetis
3138 5164 3212 5208 se
3259 5145 3677 5231 preparabat
3738 5155 3985 5210 contra
4036 5145 4392 5210 dominum
4442 5144 4634 5211 Con-

894 5251 1222 5317 stantium
1270 5249 1619 5316 Sforciam
1662 5247 1933 5316 Pisauri
1979 5248 2354 5326 dominum,
2417 5260 2495 5314 ut
2554 5249 2659 5315 illi
2722 5250 3108 5316 dominium
3168 5252 3478 5329 auferet3
3544 5272 3585 5316 e
3640 5263 3887 5317 contra
3946 5272 4072 5316 rex
4131 5248 4636 5316 Ferdinandus

892 5357 964 5421 in
1010 5357 1346 5423 auxilium
1393 5355 1573 5422 dicti
1620 5354 1887 5422 domini
1933 5354 2320 5443 Constantii
2374 5354 2736 5422 attinentis
2782 5355 2888 5421 sui
2934 5368 3345 5444 preparatus
3390 5371 3559 5425 erat.
3654 5359 3823 5424 Ideo
3887 5358 4212 5424 dominus
4266 5355 4635 5424 Rob'ertus

892 5463 981 5528 de
1028 5462 1286 5529 Sancto
1333 5460 1696 5540 Severino,
1743 5460 1862 5549 qui
1908 5460 2136 5526 iverat
2182 5461 2402 5527 Senas
2451 5461 2542 5527 ad
2589 5461 2940 5527 dominum
2988 5464 3235 5544 ducem
3284 5463 3652 5543 Callabrie‚
3698 5484 3827 5550 pro
3873 5463 4188 5530 subsidio
4222 5463 4629 5530 ordinando
4677 5459 4753 5526 45

893 5570 1177 5635 domino
1223 5569 1657 5647 Constantio,
1703 5588 2017 5633 reversus
2063 5577 2168 5635 est
2212 5567 2623 5647 Bononiam,
2673 5568 2908 5656 ibique
2971 5590 3044 5635 se
3103 5570 3416 5636 firmavit.
3507 5568 3629 5638 Ad
3690 5589 3899 5658 quem
3959 5570 4301 5636 accedere
4357 5569 4621 5635 debent

903 5674 1188 5740 ducenti
1234 5673 1578 5761 armigerij
1630 5676 1719 5740 de
1765 5695 1888 5739 sua
1935 5672 2019 5738 et'
2054 5674 2317 5740 domini
2367 5672 2717 5741 Ludovici
2779 5675 3054 5741 Sforcie
3102 5676 3453 5756 comitiva,
3515 5688 3595 5744 ut
3652 5677 3986 5762 pontifice
4046 5675 4315 5763 aliquid
4380 5690 4631 5743 contra

890 5779 1254 5846 Pisaurum
1301 5791 1571 5867 agente,
1617 5783 1734 5847 fiat
1777 5780 2001 5845 simile
2046 5792 2294 5847 contra
2338 5780 2646 5861 Im01am,
2693 5801 2829 5867 que
2877 5795 2986 5848 est
3045 5782 3324 5847 comitis
3385 5782 3726 5869 Jeronimi
3787 5784 4062 5870 nepotis
4122 5783 4247 5849 sui.
4347 5780 4629 5860 Quibus

887 5886 1272 5975 armigerijs
1321 5898 1690 5972 preparata
1735 5895 1896 5952 sunt
1940 5886 2128 5971 apud
2188 5896 2470 5971 pontem
2532 5886 2788 5953 Hentie
2845 5885 3355 5975 allogiamenta,
3418 5889 3536 5956 ubi
3597 5910 3674 5955 se
3736 5891 4034 5957 firmavit
4083 5910 4262 5956 unus
4325 5909 4415 5956 ex
4461 5889 4587 5978 filij
4597 5909 4628 5952 s

893 5991 1065 6062 dicti
1111 5990 1376 6058 domini
1421 5990 1739 6060 Roberti.
4671 5993 4750 6060 50
