4895 7066
477 4266 632 4312 Mun..
663 4265 745 4310 3⁴7

576 4904 755 4948 c.82r

912 452 1006 538 76
2198 452 2676 534 CRONICA
2732 452 3312 534 GESTORUM
3671 510 3694 519 ψ
4020 467 4128 540 [Α.
4169 471 4337 526 148⁰
4376 465 4620 537 agosin]

902 596 4317 621 ....................................amm-..mmv...um-...nunum.......-....-.·.-·.·..-·„..............·............um-...un-...a-...um-...u...-..mm„-m„..mum--·mn·m.mmmmmmm-⁴...-

897 724 1014 812 filij
1062 723 1244 812 regis
1288 721 1654 812 Raynerij,
1702 731 1773 788 et
1820 723 2011 809 quod
2055 720 2207 808 ipse
2255 723 2397 789 dux
2440 722 2904 808 personaliter
2959 721 3065 789 ibi
3107 724 3182 789 in
3226 722 3421 790 dicto
3482 722 3799 790 exercitu
3860 714 4010 789 erat
4053 733 4124 789 et
4167 742 4296 808 pro
4342 740 4433 787 eo
4483 720 4621 784 hec

898 850 1146 918 guerra
1190 828 1419 907 fiebat,
1465 827 1700 916 ibique
1762 828 2191 895 clamabatur
2242 825 2675 917 Angiovino;
2723 847 2881 894 cum
2943 848 3083 917 quo
3144 827 3556 897 dicebantur
3617 851 3769 896 esse
3828 829 4027 894 multi
4088 850 4176 894 ex
4233 825 4626 893 baronibus

893 935 1083 1003 illius
1112 934 1315 1025 regni
1349 956 1391 1001 a
1419 953 1586 1023 rege
1616 930 2066 1002 Ferdinando
2097 934 2362 1021 expulsi
2395 954 2554 1001 com
2575 935 2742 1001 fillio
2768 933 3047 1001 comitis
3071 934 3322 1022 Jacobi
3353 934 3684 1016 Picinini,
3716 935 3831 1003 cui
3865 934 4036 1003 duci
4065 955 4358 1023 regnum
4388 934 4625 1020 ipsum

894 1044 1286 1130 spectabat3
1332 1051 1622 1128 propter
1667 1040 1856 1130 quod
1900 1042 2149 1108 multas
2191 1053 2416 1110 terras
2463 1040 2783 1122 obtinuit,
2831 1053 3158 1129 tanquam
3204 1042 3340 1109 sibi
3385 1042 3476 1108 ab
3521 1043 3808 1130 antiquo
3854 1041 4166 1108 dominio
4211 1041 4625 1107 amicantes.

899 1151 1316 1236 Dictumque
1362 1148 1521 1226 fuit,
1566 1160 1643 1215 ut
1687 1147 1777 1214 de
1822 1147 2110 1215 inimico
2155 1168 2280 1215 suo
2324 1147 2708 1215 vindictam
2755 1160 3150 1227 summeret,
3213 1148 3301 1214 ab
3363 1148 3666 1216 inimicis
3727 1149 3894 1215 fidei
3951 1147 4344 1225 christiane,
4392 1144 4628 1212 silicet
4743 1141 4788 1207 5

907 1278 951 1321 a
996 1255 1319 1334 Turchis,
1366 1254 1697 1320 auxilium
1743 1254 2173 1340 impetrasse.
2266 1256 2690 1341 Fammaque
2736 1254 2891 1333 fuit,
2937 1254 3249 1320 Venetos
3293 1254 3425 1321 sibi
3468 1255 3680 1321 etiam
3712 1255 3953 1321 favere
3986 1253 4372 1320 disiunctos
4403 1274 4447 1317 a
4481 1251 4628 1341 liga

904 1361 1510 1428 illustrissimorum
1557 1360 1990 1425 dominorum
2037 1361 2292 1428 ducum
2341 1359 2754 1427 Mediolani.
2846 1361 3028 1427 Nam
3077 1361 3276 1449 quasi
3317 1371 3533 1428 totam
3579 1359 3912 1447 Apuliam
3968 1361 4114 1449 jam
4173 1360 4389 1425 modo
4437 1357 4626 1425 obti-

899 1469 1071 1534 nuit.
1164 1467 1276 1535 Ob
1323 1466 1512 1554 quod
1556 1487 1678 1533 rex
1723 1466 2216 1535 Ferdinandus
2260 1467 2476 1533 multa
2503 1479 2867 1553 preparat;
2900 1467 3023 1534 sed
3053 1468 3380 1534 videntur
3408 1469 3631 1534 tarda.
3723 1467 3815 1534 Et
3846 1466 4225 1544 dubitatur,
4255 1466 4629 1531 Turchum

901 1596 1059 1641 com
1104 1574 1291 1641 omni
1335 1593 1460 1639 suo
1506 1572 1836 1651 exercitu,
1870 1592 2074 1661 quem
2105 1573 2349 1640 Rhodi
2392 1573 2716 1651 habebat,
2749 1573 2917 1639 illuc
2950 1574 3431 1651 transiturum3
3480 1572 3789 1641 Venetos
3818 1593 4097 1661 quoque
4126 1573 4415 1639 Turcho
4447 1589 4626 1637 con-

896 1680 1255 1746 federatos
1301 1678 1673 1746 maximum
1718 1690 1964 1746 contra
2009 1677 2274 1746 dictum
2318 1699 2555 1768 regem
2598 1678 2951 1768 navigium
2998 1700 3286 1758 armare,
3336 1678 3456 1767 qui
3497 1679 3639 1767 jam
3685 1680 3758 1745 in
3806 1698 3972 1768 agro
4017 1678 4333 1745 Brisiano
4374 1678 4627 1743 dicun-
4695 1677 4789 1741 10

897 1798 1012 1853 tur
1073 1788 1165 1854 ad
1226 1786 1525 1852 confinia
1584 1797 1819 1852 nostra
1879 1785 2260 1876 armigeros
2320 1785 2723 1865 collocasse,
2785 1806 2875 1852 ne
2937 1785 3167 1854 dictus
3230 1809 3355 1852 rex
3402 1788 3572 1853 hinc
3618 1786 3946 1852 auxilium
3992 1785 4346 1872 suscipiat.
4439 1785 4626 1852 Cum

899 1905 1130 1960 autem
1176 1894 1251 1959 in
1295 1914 1515 1981 regno
1564 1891 1810 1960 Sicilie
1855 1892 2286 1980 reperiantur
2332 1893 2471 1959 due
2516 1904 2726 1973 secte,
2772 1894 2996 1959 altera
3041 1892 3594 1982 Angiovinorum
3641 1904 3712 1960 et
3756 1892 3974 1959 altera
4023 1890 4627 1981 'Aragonensium,

897 2001 1186 2067 multum
1232 1999 1585 2068 dubitatur
1629 2000 1719 2081 de
1763 2010 1949 2066 statu
1995 1999 2171 2066 dicti
2219 1999 2408 2087 regis
2454 2000 2544 2067 ob
2590 2000 3063 2087 expulsionem
3108 1998 3530 2067 baronorum
3575 2020 3873 2067 suorum.

1074 2106 1689 2196 Quartovigesimo
1737 2106 2011 2196 augusti
2055 2107 2245 2174 facte
2308 2118 2470 2172 sunt
2523 2106 2808 2193 publice
2866 2107 3448 2193 proclamationes
3507 2107 3582 2172 in
3641 2107 3912 2185 Parma,
3960 2105 4286 2194 qualliter
4345 2106 4491 2197 liga
4557 2115 4632 2170 et

901 2214 1385 2281 confederatio
1430 2213 1605 2280 alias
1648 2212 2006 2300 publicata
2050 2212 2237 2279 inter
2266 2213 2766 2279 illustrissisz
2796 2213 3113 2279 dominos
3142 2223 3434 2292 nostros,
3485 2233 3725 2301 regem
3771 2213 4317 2289 Ferdinandum,
4366 2212 4627 2278 ducem
4690 2208 4777 2275 15

904 2321 1191 2389 Ferarie
1236 2332 1308 2388 et
1355 2321 1802 2388 Florentinos
1846 2321 2192 2385 refirmata
2235 2319 2467 2411 fuerat
2511 2342 2669 2386 xxv.
2713 2318 2887 2407 jullij
2940 2319 3212 2386 decursi
3247 2331 3317 2384 et
3348 2318 3535 2407 quod
3565 2319 3641 2385 in
3675 2340 3760 2385 ea
3789 2319 4136 2387 Senenses
4165 2319 4627 2396 intraverant,

896 2429 1173 2515 duxque
1233 2428 1515 2495 Ferarie
1569 2429 1798 2494 factus
1843 2427 2165 2494 extiterat
2209 2426 2687 2492 locumtenens
2731 2425 3073 2515 generalis
3120 2425 3311 2493 dicte
3354 2427 3495 2514 lige
3511 2450 3531 2504 3
3566 2427 3656 2494 de
3689 2447 3829 2513 quo
3861 2425 4181 2492 triduane
4224 2424 4630 2513 processio-

897 2557 1023 2601 nes
1067 2555 1223 2602 com
1271 2534 1579 2622 fallodijs
1623 2534 1698 2599 in
1744 2540 1895 2601 t'oto
1942 2533 2255 2600 dominio
2302 2533 2562 2599 ducalli
2610 2544 2768 2599 sunt
2813 2533 3187 2600 celebrate.

1071 2642 1153 2708 In
1199 2661 1479 2708 recessu
1525 2641 1729 2709 ducis
1773 2639 2124 2707 Callabrie
2168 2638 2294 2730 filij
2342 2638 2530 2728 regis
2589 2638 3017 2705 Ferdinandi
3082 2659 3126 2702 a
3167 2637 3484 2724 partibus
3545 2638 3995 2718 Senensibus,
4043 2637 4441 2707 Florentini
4485 2636 4628 2703 sibi

898 2748 1416 2836 requisiverunt
1461 2744 1793 2814 nonnulla
1838 2758 2067 2814 castra
2110 2766 2239 2833 per
2285 2767 2440 2811 eum
2498 2748 2893 2834 ex‘pugnata
2937 2766 3119 2812 anno
3166 2746 3482 2831 proxime
3527 2766 3730 2813 curso
3774 2746 3910 2813 iter
3955 2745 4177 2813 Senas
4219 2756 4288 2813 et
4330 2745 4629 2813 Floren-
4683 2746 4780 2809 20

905 2852 1127 2934 tiam‚'
1173 2854 1335 2921 dum
1366 2854 1549 2921 inter
1581 2875 1702 2920 eos
1746 2872 1961 2941 guera
2005 2853 2204 2918 fieret
2251 2864 2320 2919 et
2365 2872 2537 2940 quas
2579 2851 2932 2939 promissit
2962 2851 3338 2918 restituere.
3430 2850 3638 2918 Nunc
3682 2863 3914 2919 autem
3943 2854 4311 2920 mittuntur
4339 2863 4629 2918 contra-

896 2961 1125 3051 signia
1167 2982 1298 3048 pro
1344 2980 1581 3029 eorum
1625 2960 1933 3027 locorum
1978 2959 2441 3026 restitutione.

1073 3068 1484 3147 Florentini,
1530 3067 1779 3156 quibus
1822 3087 2008 3133 anno
2052 3066 2374 3153 proxime
2419 3085 2623 3133 curso
2685 3065 3023 3134 derobata
3080 3067 3218 3133 fuit
3279 3065 3530 3134 civitas
3575 3066 3878 3134 Sarzane
3922 3066 3998 3132 in
4043 3065 4354 3133 Lunensi
4401 3085 4631 3151 prope

897 3174 1055 3241 litus
1099 3175 1313 3241 maris
1359 3175 1663 3241 existens
1705 3194 1835 3262 per
1878 3166 2233 3241 dominum
2275 3172 2717 3241 Ludovicum
2765 3175 2856 3241 de
2902 3174 3173 3260 Campo
3219 3173 3564 3262 Frugosio
3624 3173 4063 3261 Januensem,
4117 3173 4239 3260 qui
4284 3172 4430 3238 illis
4473 3193 4632 3239 eam

905 3281 1338 3361 vendiderat,
1386 3292 1612 3349 castra
1656 3292 2035 3368 posuerunt
2079 3278 2274 3346 circa
2317 3280 2510 3346 illam
2555 3279 2765 3346 trium
2810 3280 3006 3347 mille
3051 3279 3369 3367 peditum
3416 3282 3553 3347 hoc
3598 3300 3830 3347 mense
3877 3281 4157 3369 augusti
4209 3280 4402 3345 1480.
4685 3276 4772 3343 25

1070 3389 1333 3456 Ultimo
1380 3389 1653 3478 augusti
1708 3388 1875 3453 1480
1921 3398 2206 3474 recepte
2251 3399 2410 3454 sunt
2455 3387 2684 3454 littere
2728 3410 2817 3454 ex
2860 3388 3184 3474 Neapoli,
3232 3386 3558 3475 qualliter
3602 3388 3873 3454 Turchi
3904 3386 4355 3454 obtinuerant
4396 3386 4627 3451 Bron-

899 3496 1172 3564 dusium
1220 3507 1290 3563 et
1334 3496 1601 3576 Nardo,
1648 3494 1970 3562 civitates
2015 3491 2313 3582 Apullee
2361 3506 2430 3562 et
2471 3493 2811 3582 presulles
2854 3494 3203 3581 impallari
3247 3495 3594 3574 fecerant,
3626 3515 3711 3561 ac
3759 3495 3949 3583 quod
3995 3505 4330 3582 ruperant
4373 3493 4630 3582 viginti

892 3606 1229 3693 squadras
1272 3605 1770 3694 armigerorum
1803 3615 1874 3670 et
1904 3614 2045 3668 tres
2074 3602 2265 3668 mille
2310 3603 2599 3689 pedites,
2648 3624 2823 3691 quos
2851 3623 2976 3670 rex
3005 3602 3490 3670 Ferdinandus
3518 3603 3833 3669 misserat
3864 3602 3939 3667 in
3972 3621 4376 3669 succursum
4419 3601 4631 3690 Letij,

901 3734 1191 3800 quarum
1237 3711 1549 3800 gentium
1598 3721 1809 3797 caput
1856 3720 2007 3776 erat
2048 3710 2471 3775 Franciscus
2511 3708 2836 3778 Torellus
2882 3720 2954 3775 et
3000 3710 3142 3775 dux
3201 3708 3418 3793 Melfi,
3482 3728 3690 3796 quem
3737 3709 3993 3776 ducem
4053 3709 4501 3776 trucidarunt
4562 3719 4634 3773 et

899 3821 1257 3886 dominum
1303 3817 1752 3885 Ottavianum
1800 3817 1890 3884 de
1934 3814 2079 3907 Pijs
2126 3816 2213 3881 de
2258 3815 2513 3902 Carpo.
2602 3814 2852 3881 Dictus
2896 3836 3064 3883 vero
3111 3815 3528 3883 Franciscus
3572 3816 3693 3881 vix
3736 3815 3982 3895 evasit,
4029 3816 4430 3903 diciturque
4481 3814 4632 3901 epi·
4681 3816 4768 3879 30

898 3944 1186 4011 scopum
1233 3923 1511 3991 Otronti
1555 3923 1772 3989 fuisse
1819 3923 2244 3988 excoriatum
2291 3933 2363 3988 et
2404 3921 2660 4008 pellem
2705 3922 3064 4007 impletam
3109 3921 3361 4008 palleis
3405 3934 3479 3990 et
3523 3944 3731 4010 quam
3775 3921 4031 3989 multos
4082 3921 4273 3988 mille
4301 3919 4632 3987 homines

894 4031 1219 4099 concisos
1262 4029 1582 4097 minutim
1629 4040 1702 4095 et
1744 4027 1990 4095 multos
2034 4028 2323 4095 vhectos
2367 4028 2443 4094 in
2489 4027 2813 4095 Teucria.

1066 4140 1199 4205 Die
1245 4136 1713 4224 suprascripta
1760 4158 1919 4202 cum
1962 4136 2097 4202 iret
2140 4135 2651 4203 Ramossellum
2698 4135 3009 4202 Thomas
3047 4137 3136 4202 de
3170 4135 3446 4203 Varisio
3495 4136 3668 4203 civis
3698 4137 3950 4203 Parme
3995 4136 4088 4203 ad
4129 4134 4632 4202 solicitandum

897 4245 1256 4311 mezadros
1301 4263 1458 4310 suos
1501 4262 1709 4330 super
1752 4241 2185 4328 possessione
2229 4241 2436 4306 unius
2480 4241 2809 4329 benefitij,
2841 4242 3070 4309 silicet
3111 4241 3339 4328 plebis
3369 4242 3562 4310 dicte
3595 4242 3781 4322 ville,
3815 4242 4080 4309 habens
4108 4242 4428 4329 proin'de
4475 4242 4629 4328 ipse

894 4352 1222 4431 Thomas,
1271 4351 1391 4438 qui
1437 4361 1585 4416 erat
1616 4349 1704 4416 de
1737 4349 2043 4436 squadra
2070 4346 2345 4427 Rubea,
2378 4346 2597 4413 rixam
2631 4369 2791 4414 cum
2820 4348 3197 4415 Francisco
3227 4348 3362 4415 Del
3391 4350 3533 4415 Fra
3564 4349 3655 4416 de
3684 4350 3992 4436 squadra
4024 4347 4272 4415 Sancti
4317 4348 4629 4426 Vitallis,
4674 4345 4761 4412 35

892 4459 1237 4547 armigero
1285 4457 1546 4524 domini
1588 4453 1887 4524 Roberti
1920 4454 2011 4520 de
2038 4454 2295 4521 Sancto
2328 4453 2693 4534 Severino,
2723 4455 3086 4522 insultatus
3115 4456 3188 4521 in
3220 4457 3339 4521 via
3370 4458 3458 4525 ab
3491 4457 3740 4522 eodem
3772 4456 4203 4523 Francischo
4237 4466 4309 4520 et
4339 4454 4630 4519 famulis

892 4566 1055 4646 suis,
1098 4563 1337 4631 multis
1380 4561 1777 4630 crudelibus
1822 4560 2218 4628 vulneribus
2264 4572 2366 4628 est
2411 4560 2794 4628 confossus.
2886 4561 3203 4650 Cumque
3249 4573 3532 4649 postera
3563 4562 3677 4629 die
3706 4562 3924 4650 judex
3954 4560 4461 4627 maleficiorum
4494 4560 4633 4628 iret

891 4674 986 4740 ad
1015 4671 1399 4739 videndum
1429 4670 1734 4736 cadaver
1766 4667 1939 4734 dicti
1966 4666 2262 4746 Thome,
2295 4667 2750 4758 reperijtillic
2777 4668 3039 4735 dictum
3066 4668 3520 4735 Franciscum
3544 4688 3705 4734 cum
3736 4690 3995 4758 magna
4039 4679 4460 4734 armatorum
4509 4687 4631 4734 co-

891 4779 1152 4857 mitiva,
1201 4777 1553 4843 dicentem
1609 4778 1640 4811 ‘⁴
1664 4774 1947 4840 Portate
1997 4772 2112 4838 via
2157 4786 2400 4859 questo
2450 4793 2668 4860 corpo
2715 4786 2956 4840 sancto
2984 4820 3045 4855 „.

1079 4884 1237 4950 Hoc
1283 4896 1597 4967 tempore
1643 4880 1797 4945 finis
1844 4879 2113 4967 augusti
2161 4879 2493 4946 continue
2522 4880 2903 4946 adveniunt
2937 4902 3117 4948 nova
3146 4881 3390 4967 peiora
3421 4883 3511 4948 de
3543 4881 3871 4962 Turchis‚
3904 4882 4024 4971 qui
4055 4880 4395 4968 Apuliam
4427 4881 4633 4948 inva·
4679 4883 4758 4946 40

891 5001 1147 5057 serunt.
1176 5067 1199 5073 „
1237 4988 1519 5054 Dictum
1566 4987 1724 5065 fuit,
1769 4985 2089 5051 homines
2135 4985 2406 5051 illarum
2452 4986 2770 5072 partium,
2836 5007 2993 5052 cum
3042 4989 3336 5055 sentiant
3380 4989 3709 5057 Turchos
3755 4989 3901 5056 illic
3946 4987 4627 5076 appropinquantes,

891 5099 1230 5187 aufugere
1279 5105 1351 5161 et
1394 5094 1692 5181 patriam
1741 5092 2079 5180 linquere,
2126 5092 2228 5158 ita
2272 5094 2462 5181 quod
2511 5113 2667 5158 cum
2711 5093 2972 5160 Teucri
3023 5095 3304 5181 capiunt
3354 5095 3622 5184 aliquas
3665 5107 3910 5175 terras,
3942 5095 4014 5161 in
4059 5095 4195 5162 illis
4237 5096 4466 5162 solum
4515 5117 4633 5161 re-

888 5205 1165 5290 periunt
1193 5201 1563 5289 parvullos,
1584 5197 1852 5265 vetulos
1883 5211 1953 5266 et
1982 5198 2292 5266 vetullas.
2341 5196 2690 5265 Fecerunt
2721 5220 2997 5287 quoque
3027 5202 3447 5287 proclamari
3479 5201 3615 5289 ipsi
3645 5203 3939 5281 Turchi,
3972 5203 4162 5290 quod
4195 5201 4629 5290 quicumque

890 5310 1254 5377 christiani
1300 5308 1391 5373 ad
1436 5327 1555 5375 eos
1601 5306 1924 5372 deferant
1966 5304 2347 5383 victualias,
2381 5304 2776 5372 nullatenus
2804 5306 3376 5373 mollestabuntur
3408 5318 3481 5374 et
3510 5309 3819 5395 ipsarum
3851 5308 4256 5376 victualium
4286 5308 4633 5395 optimam

892 5425 1403 5503 consequentur
1448 5411 1920 5480 soluctionem.
2012 5412 2103 5477 Et
2148 5411 2237 5478 ob
2282 5412 2419 5476 hoc
2464 5411 2601 5477 illis
2644 5413 2892 5479 multas
2935 5414 3294 5480 victualias
3339 5414 3623 5494 deferri,
3668 5416 3795 5482 sed
3841 5416 4028 5483 nolle
4073 5436 4197 5483 eos
4241 5414 4506 5482 intrare
4554 5416 4630 5481 in
4676 5412 4753 5482 45

894 5542 1133 5589 eorum
1179 5520 1440 5598 castris,
1473 5540 1602 5585 nec
1649 5538 1725 5592 se
1771 5519 1871 5583 eis
1916 5518 2479 5605 appropinquare
2525 5518 2619 5584 ad
2663 5519 2803 5586 duo
2849 5518 3187 5601 milliaria,
3223 5542 3311 5586 ne
3343 5521 3632 5588 videant
3677 5543 3919 5588 eorum
3948 5522 4200 5590 modos
4232 5533 4305 5588 et
4333 5522 4624 5589 ordines

891 5640 962 5696 et
1006 5627 1199 5718 quod
1245 5628 1346 5692 sic
1393 5624 1945 5694 conducentibus
1990 5624 2251 5710 optime
2295 5623 2718 5711 persolvunt.
2811 5626 3154 5693 Dicuntur
3216 5649 3495 5715 quoque
3558 5649 3709 5696 esse
3769 5628 3863 5695 ad
3928 5650 4288 5695 numerum
4337 5640 4626 5697 centum

900 5735 1092 5801 mille
1125 5733 1588 5810 Turchorum,
1621 5730 1963 5797 adiunctis
1994 5748 2148 5796 com
2182 5731 2282 5798 eis
2311 5730 2543 5797 multis
2571 5729 2865 5798 Albanis
2896 5743 2968 5798 et
2998 5733 3378 5814 VallachiS,
3413 5736 3741 5823 quodque
3772 5735 4115 5815 civitates,
4150 5755 4325 5823 quas
4354 5735 4625 5803 habue-

895 5851 1074 5919 runt,
1121 5838 1505 5906 fortificant
1549 5848 1619 5904 et
1660 5836 1922 5904 vallant
1966 5836 2430 5922 pallanchatis
2477 5850 2548 5905 et
2593 5837 2936 5926 ageribus.
3028 5838 3375 5906 Dicuntur
3418 5862 3697 5930 quoque
3741 5862 3981 5909 secum
4026 5842 4302 5910 vexisse
4365 5842 4624 5910 decem

899 5946 1093 6016 mille
1141 5945 1346 6013 sellas
1389 5946 1479 6013 ab
1526 5946 1743 6034 equis,
1791 5962 1946 6011 com
1991 5943 2283 6010 totidem
2327 5944 2757 6012 fulcimentis
2788 5947 3217 6038 necessarijs.
3311 5948 3667 6035 Venitque
3700 5968 3981 6030 novum,
4015 5949 4208 6039 quod
4238 5971 4410 6041 rege
4444 5952 4623 6020 Fer·
4670 5947 4750 6016 50
