4895 7066
559 2264 601 2298 C.
627 2261 751 2304 65⁰0

472 3005 630 3054 Mun..
659 3003 740 3045 30⁴

900 470 995 550 44
2188 470 2664 549 CRONICA
2719 470 3311 551 GESTORUM
4031 486 4140 560 [A.
4179 491 4346 547 14⁷9
4381 484 4608 563 ιρι-ιιι]

1737 632 2024 643 „commu-0·—
2028 633 2292 641 -0--0u--0—-0--ffl
2296 633 2700 642 *nmmum-0000·
2704 633 3002 641 -umm--o-”um-
3006 633 3455 642 -um-n-m-o--wffl00

1066 740 1423 822 Quoniam
1468 760 1608 807 una
1651 760 1812 827 pars
1857 738 2333 807 Sevizarorum
2364 738 2671 808 restabat
2699 740 2961 808 habere
2989 740 3449 811 concordium
3475 758 3639 808 cum
3667 751 3852 808 statu
3879 741 4269 808 Mediolani
4297 753 4373 809 et
4402 751 4608 829 quot-

894 847 1073 916 tidie
1138 846 1579 915 minabantur
1642 864 1930 935 guen-am
1998 848 2238 914 facere
2278 845 2691 914 Mediolano
2751 864 2991 915 versus
3048 859 3284 933 partes
3341 845 3768 927 Bellinzone‚
3812 846 4240 936 parab-tque
4287 846 4607 937 marchio

892 955 1366 1022 Montisferati
1412 964 1658 1043 gentes
1700 975 1857 1020 suas
1901 973 2030 1039 pro
2074 963 2258 1019 statu
2301 952 2711 1032 Mediolani,
2742 964 2819 1021 ut
2847 953 3055 1020 dictis
3086 953 3428 1022 Sevizaris
3458 953 3787 1034 obstaret,
3834 955 4164 1022 tandem
4143 976 4218 1021 ιιι
4245 952 4606 1041 principio

890 1061 1149 1129 mensis
1191 1061 1458 1148 api-iliis
1499 1060 1665 1127 anni
1716 1058 1883 1130 1479
1930 1061 2124 1128 facta
2168 1060 2303 1125 fuit
2348 1071 2595 1149 treuga
2637 1079 2856 1148 usque
2900 1060 2995 1126 ad
3038 1059 3314 1127 Pascha
3355 1060 3571 1150 madii
3617 1061 3936 1148 proximi,
3971 1060 4608 1148 compromissaque

900 1168 1130 1237 extitit
1173 1168 1309 1235 hec
1356 1166 1761 1235 differentia
1800 1186 1931 1254 per
1973 1178 2209 1253 partes
2250 1167 2326 1232 in
2369 1186 2609 1255 regem
2653 1164 2977 1234 Franeie.
4705 1162 4748 1226 5

1070 1272 1561 1341 Dubitantlbus
1604 1272 2080 1340 illustrissimis
2122 1272 2426 1339 dominis
2471 1273 2725 1340 nostris
2763 1273 2859 1339 de
2901 1272 3042 1341 fide
3091 1274 3363 1341 comitis
3392 1271 3586 1341 Petri
3630 1276 3724 1343 de
3756 1274 4018 1343 Verme
4065 1288 4138 1343 et
4177 1276 4269 1341 de
4313 1272 4610 1341 Sforcia

802 1370 815 1377 ’
895 1379 1191 1448 naturali
1235 1392 1533 1467 cognato
1576 1400 1702 1447 suo
1749 1392 1820 1446 et
1864 1380 2083 1446 fratre
2117 1380 2467 1466 quondam
2501 1379 2764 1446 domini
2796 1380 2995 1446 ducis
3025 1380 3303 1461 Galeaz,
3333 1382 3630 1448 maxime
3675 1402 3766 1449 ne
3810 1382 4339 1471 intelligentiam
4384 1379 4609 1447 habe·

891 1499 1048 1555 rent
1094 1506 1249 1555 com
1296 1487 1582 1554 domino
1626 1485 1944 1554 Roberto
1988 1498 2059 1553 et
2090 1505 2248 1554 com
2279 1486 2562 1552 domino
2592 1485 2957 1553 Ludovico
2987 1499 3060 1553 et
3089 1487 3371 1555 Sforcia
3400 1488 3972 1568 vicecomitibus,
4004 1509 4184 1555 neve
4215 1488 4322 1554 eis
4349 1486 4608 1552 darent

900 1594 1263 1661 transitum
1322 1593 1393 1659 in
1437 1591 1864 1660 Lombardia
1914 1592 2095 1660 citra
2159 1593 2355 1679 alpes
2413 1592 2490 1658 in
2545 1612 2716 1680 agro
2760 1593 3185 1673 Placentiae,
3245 1594 3323 1660 in
3383 1615 3522 1691 quo
3583 1597 3874 1663 multum
3935 1606 4186 1682 potens
4243 1606 4400 1661 etat
4457 1592 4613 1679 ipse

893 1718 1127 1768 comes
1170 1700 1439 1779 Petrus,
1480 1699 1689 1767 ambo
1734 1699 1964 1766 vocati
2003 1710 2169 1765 sunt
2212 1697 2716 1778 Mediolanum,
2775 1720 2917 1788 quo
2978 1700 3207 1768 dictus
3269 1721 3505 1770 comes
3556 1722 3931 1789 nomquam
3972 1700 4193 1769 voluit
4235 1701 4605 1777 accedere,
4659 1698 4750 1763 10

891 1807 1220 1874 simulans
1240 1827 1317 1874 se
1338 1807 1701 1873 infirmum.
1794 1804 2039 1873 Dictus
2068 1822 2238 1874 vero
2268 1805 2554 1874 Sforcia
2584 1804 2807 1873 libere
2837 1807 3155 1887 accessit,
3194 1808 3729 1897 detemptusque
3762 1808 3914 1888 fuit,
3948 1830 4038 1875 ne
4068 1820 4301 1895 posset
4330 1826 4421 1874 ex
4448 1805 4607 1873 Me-

892 1915 1180 1980 diolano
1216 1914 1610 1982 discedere.
1702 1913 1859 1980 Hoc
1903 1913 2095 1982 idem
2143 1913 2478 1979 fecissent
2517 1912 2718 1980 dicto
2761 1913 3001 1981 comiti
3029 1913 3268 1993 Petro,
3299 1914 3360 1981 si
3389 1912 3869 1983 Mediolanum
3915 1916 4340 1983 accessisset.
4433 1912 4610 1979 Post

888 2020 1026 2086 hec
1070 2032 1306 2087 tamen
1348 2020 1576 2089 dictm
1616 2038 1854 2091 comes
1899 2018 2152 2087 Petrus
2193 2020 2287 2086 de
2332 2017 2591 2086 Vei-me
2617 2020 2921 2087 accessit
2947 2019 3429 2093 Mediolanum
3459 2031 3533 2089 et
3557 2022 3932 2109 deputatus
3960 2022 4036 2087 in
4067 2020 4357 2093 consilio
4385 2031 4609 2087 statiis

894 2126 1049 2193 illic
1094 2126 1347 2194 mansit
1390 2126 1643 2195 fimus.

1076 2231 1512 2300 Duodecimo
1552 2232 1675 2300 die
1723 2232 1990 2319 aprillis
2041 2230 2234 2313 1479,
2277 2233 2585 2300 secunda
2613 2233 2732 2300 die
2763 2244 2923 2320 post
2951 2234 3542 2302 Rexurectionem
3569 2235 3859 2301 Domini
3891 2235 4106 2303 nostri
4136 2234 4308 2322 Jesu
4331 2230 4605 2300 Christi
4663 2228 4744 2295 15

898 2341 1041 2406 dux
1105 2338 1447 2406 Hercules
1514 2338 1833 2406 Extensis
1899 2338 2309 2426 capitaneus
2348 2340 2547 2406 dicte
2591 2339 2734 2429 lige
2779 2360 2940 2407 com
2995 2340 3350 2428 aliquibus
3409 2340 3727 2428 squadris
3785 2341 4289 2430 armigerorum
4347 2351 4421 2406 et
4481 2359 4611 2424 pe·

890 2447 1113 2513 ditum
1154 2444 1378 2512 exivit
1423 2445 1644 2526 Pisas,
1691 2456 1768 2512 ut
1813 2446 2168 2514 dominum
2228 2446 2618 2514 Robertum
2664 2446 2756 2514 de
2804 2447 3070 2515 Sancto
3132 2446 3473 2515 Severino
3518 2460 3592 2515 et
3633 2447 3962 2516 conscios
4020 2448 4380 2535 reperiret,
4439 2467 4660 2518 cum

884 2554 1131 2639 eisque
1176 2552 1250 2618 in
1296 2572 1372 2619 re
1418 2552 1703 2619 militari
1749 2564 2013 2642 ageret,
2058 2552 2538 2641 applicuitque
2597 2552 2792 2641 juxta
2848 2567 3134 2641 pontem
3196 2565 3672 2622 constructum
3731 2575 3942 2641 super
3999 2553 4282 2621 flumine
4329 2550 4607 2640 Serchij

892 2681 1114 2748 prope
1176 2659 1374 2728 Pisas
1435 2681 1563 2746 per
1608 2658 1905 2725 miliaria
1949 2660 2278 2747 quinque,
2323 2658 2444 2726 ubi
2491 2661 2790 2745 repertis
2848 2660 3031 2727 ultra
3089 2661 3314 2749 ipsum
3371 2673 3657 2749 pontem
3718 2682 3959 2728 versus
4002 2659 4198 2728 Pisas
4255 2658 4614 2727 nonnullis

890 2766 1220 2855 squadris
1264 2778 1334 2833 et
1374 2765 1730 2853 peditibus
1772 2762 2045 2832 domini
2088 2765 2409 2846 Roberti,
2456 2765 2655 2834 illico
2701 2787 2818 2833 eas
2863 2787 3181 2856 agressum
3233 2779 3356 2848 est,
3405 2789 3577 2856 quas
3644 2768 3718 2833 in
3784 2787 3958 2835 cura
4012 2765 4319 2835 habebat
4365 2785 4612 2832 comes
4658 2767 4748 2830 20

886 2873 1138 2962 Jullius
1182 2870 1707 2960 Neapolitanus,
1773 2892 2051 2961 queque
2120 2871 2425 2952 devicte,
2473 2884 2679 2960 rupte
2743 2886 2816 2940 et
2859 2875 3185 2943 confficte
3230 2887 3389 2942 sunt
3436 2895 3478 2941 a
3521 2875 3715 2945 dicto
3775 2877 3961 2942 duce
4020 2875 4329 2942 Hercule
4373 2886 4445 2941 et
4488 2873 4612 2939 vix

889 2981 1068 3047 ullus
1111 3000 1203 3047 ex
1244 2980 1351 3045 eis
1396 2976 1636 3059 evasit,
1684 2979 1855 3068 quin
1900 2990 2020 3046 aut
2067 2992 2330 3065 captus,
2378 2991 2499 3047 aut
2542 2992 2873 3060 mortuus,
2920 2992 3040 3048 aut
3081 2982 3484 3049 vulneratus
3544 2982 3811 3049 fuerit)
3901 2979 4280 3049 Percussus
4325 3001 4610 3068 quoque

891 3088 1024 3154 fuit
1070 3086 1305 3154 dictus
1349 3104 1589 3154 comes
1633 3086 1880 3174 Jullius
1922 3084 1995 3151 in
2040 3108 2179 3152 uno
2224 3108 2426 3154 crure
2477 3107 2633 3154 com
2678 3088 3058 3176 spingarda
3102 3100 3173 3157 et
3216 3089 3488 3156 delatus
3531 3088 3607 3155 in
3637 3087 3928 3157 Lucana
3957 3089 4244 3157 civitate
4275 3100 4608 3175 tanquam

892 3206 1223 3260 mortuus.
1314 3195 1635 3281 Dumque
1677 3193 1999 3259 dominus
2041 3191 2379 3260 Mat-chus
2418 3193 2514 3259 de
2545 3191 2696 3284 Pijs
2725 3195 2817 3262 de
2848 3194 3084 3283 Carpo
3116 3196 3206 3262 de
3235 3195 3571 3263 comitiva
3597 3194 3774 3262 dicti
3803 3195 4025 3274 ducis,
4053 3216 4356 3283 sequens
4384 3194 4610 3261 victo-

888 3302 1083 3379 riam,
1128 3300 1457 3367 intrasset
1498 3320 1709 3386 super
1748 3299 1944 3366 dicto
1988 3310 2224 3385 ponte,
2270 3300 2599 3367 remansit
2643 3300 2983 3387 captivus.
3075 3301 3320 3368 Dictus
3349 3320 3519 3370 vero
3547 3302 3871 3370 dominus
3897 3301 4041 3368 dux
4071 3320 4230 3369 com
4273 3299 4611 3368 comitiva
4657 3298 4740 3365 25

888 3428 1015 3474 sua
1057 3406 1296 3473 illesus
1336 3424 1658 3474 revennae
1698 3416 1810 3472 est
1852 3404 1928 3469 in
1974 3404 2335 3472 civitatem
2367 3405 2684 3472 Pisarum
2731 3418 2801 3473 et
2845 3407 3020 3474 alius
3051 3408 3389 3495 quispiam
3438 3430 3525 3475 ex
3568 3408 3710 3475 suis
3755 3430 3896 3476 non
3924 3408 4060 3474 fuit
4086 3409 4292 3488 lesus,
4337 3418 4610 3495 captus,

898 3537 1030 3583 nec
1075 3513 1369 3581 occisus.
1461 3513 1642 3581 Nam
1682 3512 1746 3580 si
1786 3512 2108 3580 dominus
2152 3512 2528 3592 Robertus,
2575 3514 2697 3601 qui
2740 3527 3169 3582 remanserat
3213 3516 3391 3584 citra
3434 3526 3717 3602 pontem
3759 3537 3998 3583 versus
4027 3514 4259 3583 Lucas
4304 3535 4464 3582 com
4494 3537 4608 3581 re-

896 3624 1089 3710 liquo
1134 3622 1502 3700 exercitus,
1542 3611 1771 3707 ipsum
1816 3632 2098 3706 pontem
2129 3619 2702 3707 pertransivisset,
2734 3621 2984 3708 procul
3015 3622 3228 3690 dubio
3272 3634 3393 3690 aut
3438 3635 3703 3709 captus,
3736 3634 3856 3689 aut
3884 3622 4292 3712 profligatus
4336 3621 4608 3700 fuisset,

894 3731 1027 3799 sed
1068 3730 1338 3808 timens,
1384 3728 1575 3817 quod
1622 3728 1713 3794 de
1758 3726 1950 3793 facili
1998 3739 2369 3794 venturum
2413 3727 2964 3814 perspicabatur,
3010 3729 3085 3794 in
3129 3740 3276 3796 tuto
3319 3729 3544 3799 voluit
3586 3751 3971 3797 remanere.

1076 3836 1396 3904 Summus
1438 3835 1630 3903 enim
1674 3834 2018 3921 pontifex,
2068 3835 2188 3923 qui
2229 3835 2587 3901 civitatem
2630 3835 2984 3902 Florentie
3029 3835 3504 3916 interdixerat,
3565 3837 3640 3904 in
3701 3837 3819 3904 die
3861 3835 4401 3904 Remectionis
4460 3836 4610 3901 Do·
4653 3836 4741 3902 30

887 3944 1062 4011 mini
1104 3944 1460 4010 antedictae
1504 3943 1853 4010 concessit
1894 3941 2317 4008 Florentinis
2360 3942 2862 4021 confessiones,
2908 3954 3117 4030 atque
3165 3943 3639 4011 comuniones.

1076 4054 1254 4120 Cum
1298 4049 1482 4117 enim
1529 4048 1850 4116 dominus
1895 4045 2249 4115 Robertus
2288 4048 2384 4116 de
2430 4047 2691 4116 Sancto
2753 4049 3091 4118 Seven-ino
3138 4069 3291 4115 com
3339 4049 3666 4118 comitiva
3705 4069 3836 4122 sua
3878 4070 4021 4118 non
4066 4062 4300 4137 pooet
4341 4050 4609 4118 habere

890 4157 1256 4228 victualias
1300 4178 1429 4244 per
1471 4157 1656 4222 viam
1701 4155 1912 4222 maris
1942 4165 2016 4220 et
2045 4155 2425 4243 gallearum
2471 4155 2657 4246 regis
2701 4155 3138 4223 Ferdinandi
3181 4156 3281 4223 ibi
3325 4157 3790 4237 existentium,
3837 4157 3933 4225 ob
3973 4178 4215 4244 passus
4261 4168 4507 4243 captos
4539 4167 4611 4222 et

889 4265 1186 4332 munitos
1230 4284 1359 4350 per
1402 4262 1866 4340 Florenti-nos,
1924 4263 2208 4350 jamque
2271 4261 2420 4347 ipse
2485 4261 2806 4328 dominus
2864 4261 3221 4331 Robertus
3281 4263 3612 4330 reductus
3654 4263 3904 4332 fuisset
3947 4264 4022 4329 in
4077 4264 4239 4332 loco
4286 4274 4357 4330 et
4397 4284 4610 4348 passu

892 4371 1133 4450 arduo,
1180 4370 1280 4437 ita
1325 4369 1515 4457 quod
1560 4367 1864 4435 evadere
1911 4387 2055 4434 non
2097 4378 2391 4453 poterat,
2439 4368 2606 4456 quin
2651 4380 2773 4435 aut
2801 4377 3191 4456 caperetur,
3235 4381 3358 4436 aut
3400 4369 3903 4460 profligaretur,
3950 4390 4254 4436 summus
4280 4370 4609 4456 pontifex
4653 4368 4736 4436 35

892 4478 1150 4556 Simus,
1195 4487 1272 4543 ut
1316 4477 1452 4563 ipsi
1496 4474 1783 4542 domino
1828 4474 2143 4542 Roberto
2188 4474 2369 4541 viam
2415 4475 2615 4543 daret
2658 4475 2964 4543 abeundi
3009 4488 3080 4542 et
3119 4476 3197 4541 in
3242 4487 3464 4543 tutum
3509 4476 4024 4564 proficiscendi,
4068 4476 4345 4563 scripsit
4390 4474 4606 4544 breve

888 4583 1395 4671 appostolicum
1438 4581 1609 4649 duci
1654 4580 1945 4647 Herculi
1992 4581 2364 4667 capitaneo
2409 4583 2723 4670 generali
2770 4582 2909 4671 lige
2978 4594 3195 4650 status
3253 4581 3662 4663 Mediolani,
3724 4582 3914 4671 quod
3971 4582 4100 4650 sub
4152 4602 4336 4676 pena
4397 4603 4607 4650 exco-

888 4687 1380 4757 municationis
1425 4688 1563 4754 late
1605 4685 1950 4754 sententie
1998 4708 2140 4754 non
2186 4687 2479 4758 deberet
2521 4708 2684 4753 cum
2731 4688 2919 4756 dicto
2964 4689 3247 4756 domino
3278 4688 3597 4757 Roberto
3643 4710 3927 4778 gueram
3971 4690 4235 4769 facere,
4265 4689 4606 4776 dictoque

891 4797 1171 4864 domino
1216 4793 1537 4861 Roberto
1581 4793 1778 4861 aliud
1824 4792 2034 4860 breve
2082 4793 2473 4874 destinavit,
2519 4794 2712 4881 quod
2757 4806 3062 4861 cessaret
3105 4794 3195 4862 ab
3241 4796 3635 4864 offensione
3677 4808 3747 4863 et
3792 4818 3880 4864 ex
3928 4815 4097 4885 egro
4142 4796 4397 4863 Pisano
4441 4794 4606 4862 Flo-

898 4892 1326 4969 teminorum
1372 4900 1789 4979 discederet,
1837 4901 2137 4967 credens
2180 4902 2315 4967 hac
2362 4901 2476 4967 via
2519 4901 2785 4967 salvum
2830 4903 3074 4970 facere
3120 4903 3385 4970 dictum
3432 4902 3790 4970 dominum
3822 4902 4232 4972 Robertum.
4321 4903 4430 4969 De
4462 4921 4605 4989 quo
4651 4905 4735 4968 40

888 5011 1208 5101 previsus
1262 5010 1587 5076 dominus
1640 5010 1788 5076 dux
1846 5009 2190 5076 Hercules
2250 5029 2500 5095 parere
2545 5009 2822 5088 nolluit3
2872 5021 2944 5077 et
2986 5021 3066 5076 ut
3107 5031 3152 5076 a
3193 5009 3405 5077 dictis
3462 5009 3773 5096 partibus
3832 5011 4317 5098 expelleretur,
4359 5020 4485 5078 aut
4527 5010 4604 5075 in

892 5132 1111 5188 totum
1158 5116 1643 5206 profligaretur
1688 5116 1834 5202 ipse
1884 5116 2201 5183 dominus
2245 5114 2621 5196 Robertus,
2654 5129 2896 5204 parate
2942 5130 3100 5184 sunt
3129 5117 3342 5183 multe
3386 5117 3522 5184 alie
3567 5129 3814 5208 gentes
3856 5119 4198 5207 armiger-e
4243 5137 4373 5205 pro
4413 5128 4607 5185 statu

888 5224 1278 5298 Mediolani
1320 5223 1393 5290 in
1436 5241 1609 5312 agro
1655 5222 1929 5302 PisanO,
1975 5224 2168 5291 facto
2215 5226 2400 5292 festo
2430 5227 2657 5292 sancti
2689 5224 2971 5313 Georgii
3018 5225 3233 5316 xxiiij.
3275 5224 3547 5313 aprillis
3589 5228 3754 5292 anni
3798 5225 4142 5313 presentis
4192 5223 4358 5297 1479
4401 5225 4606 5312 equi-

889 5345 1135 5402 tature.

1068 5440 1166 5508 Ut
1213 5450 1443 5506 autem
1492 5433 1815 5527 pontifex
1856 5439 2219 5526 predictus
2248 5451 2676 5508 ammoveret
2718 5461 2763 5506 a
2806 5439 3108 5530 servitiis
3153 5452 3369 5509 status
3409 5440 3802 5510 Mediolani
3833 5441 4190 5509 dominum
4211 5440 4604 5529 ‚Iohannem
4648 5437 4756 5535 45*

886 5548 1213 5616 comitem
1259 5549 1349 5614 de
1396 5548 1889 5626 VulmontonO,
1932 5566 2281 5648 armorum
2319 5549 2687 5614 ductorem
2725 5546 3247 5636 sagacissimum
3295 5562 3365 5616 et
3410 5548 3829 5627 Romanum,
3860 5549 4045 5617 idem
4075 5548 4398 5636 pontifex
4441 5569 4600 5615 com

888 5656 1107 5721 breve
1146 5655 1538 5743 apostolico
1582 5666 1657 5720 et
1708 5653 1843 5721 sub
1899 5675 2085 5740 pena
2144 5655 2659 5720 confiscationis
2719 5654 3057 5722 bonorum
3111 5675 3397 5723 suorum
3449 5656 3522 5722 in
3575 5676 3744 5744 agro
3791 5656 4114 5723 Romano
4159 5656 4602 5722 existeffium

887 5761 1115 5850 ipsum
1162 5762 1431 5827 monuit
1468 5762 1568 5827 -ad
1612 5763 2099 5828 revertendum
2144 5779 2302 5828 com
2348 5761 2671 5849 gentibus
2717 5774 2788 5828 et
2829 5761 3164 5830 comitiva
3199 5783 3331 5829 sua
3373 5762 3876 5853 armigerorum
3923 5763 3994 5830 in
4037 5762 4357 5851 patriam.
4454 5760 4599 5840 Qui

1058 6033 1111 6076 2.
1150 6018 1504 6090 Mediolano]
1541 6019 1853 6076 Mediolani
1888 6023 2002 6076 cod.
