4895 7066
264 494 381 569 [Α.
418 497 577 553 14⁷9
609 494 893 567 maggiol
1458 488 1571 562 IN
1624 487 2149 562 PARTIBUS
2200 486 2833 562 LOMBARDIE
3897 489 3940 561 4
3954 486 3994 567 7

296 766 375 822 et
412 752 532 821 sub
567 772 691 840 spe
735 751 1130 834 retinebat3
1177 777 1223 821 a
1268 774 1408 844 quo
1454 754 1859 843 quammulti
1903 756 2257 846 fugerunt,
2303 775 2447 824 non
2494 753 2838 823 habentes
2887 754 3220 843 pecunias
3261 765 3333 822 et
3376 753 3692 824 videntes
3737 753 4004 822 dictum

293 881 530 950 regem
570 879 822 927 aureos
868 871 1231 949 pretactos
1273 861 1664 929 nullatenus
1706 860 1999 929 mittere.
2089 860 2182 928 Et
2223 861 2333 929 his
2377 861 2717 929 stantibus
2759 862 2948 929 idem
2995 861 3320 930 dominus
3362 860 3721 930 Robertus
3751 859 4005 929 dubius

286 980 367 1035 et
408 968 711 1034 incertus
752 967 1088 1049 restabat,
1136 988 1276 1058 quo
1319 968 1453 1036 iter
1495 989 1691 1035 suum
1736 967 2139 1057 dirrigeret3
2185 968 2310 1037 sed
2354 978 2502 1038 tota
2546 967 2693 1037 eius
2736 968 2908 1035 fides
2951 966 3255 1037 restabat
3284 968 3377 1035 ad
3403 988 3593 1036 mare
3639 988 3767 1056 per
3812 966 4000 1033 viam

278 1074 644 1164 galearum
689 1076 1098 1166 confugere.

175 1180 221 1248 5
466 1179 1020 1259 Quintsdecima
1084 1204 1247 1272 may
1311 1183 1476 1250 anni
1543 1180 1711 1254 1479
1764 1202 2112 1272 appensus
2171 1183 2307 1250 fuit
2366 1204 2498 1272 per
2548 1182 2828 1273 gallam,
2887 1202 3060 1251 sono
3103 1183 3535 1272 arengherie,
3580 1182 3673 1249 ad
3731 1182 4000 1270 glareas

270 1287 587 1356 fluminis
629 1287 883 1357 Parme
929 1290 1209 1378 quidam
1243 1291 1599 1379 Johannes
1641 1289 1873 1357 Maria
1916 1291 2008 1358 de
2052 1290 2277 1360 Brisia
2322 1291 2630 1358 famosus
2673 1291 2850 1359 latro
2894 1308 2984 1357 ex
3023 1288 3438 1379 sequacibus
3480 1287 3746 1356 domini
3797 1288 4000 1376 Jero·

268 1395 456 1461 nimi
503 1392 822 1487 Bernerij
868 1407 1184 1484 tempore
1244 1396 1599 1464 sacomani
1660 1394 2071 1465 Rubeorum
2130 1398 2204 1465 in
2251 1398 2399 1464 eius
2442 1397 2651 1466 domo
2695 1398 3046 1465 moranus.
3138 1396 3230 1464 Et
3274 1397 3411 1464 hoc
3455 1395 3593 1463 fuit
3636 1394 3832 1462 aliud
3874 1393 4002 1460 mi-

264 1501 602 1568 raculum
648 1522 781 1589 pro
824 1501 1028 1571 bonis
1072 1502 1552 1571 sacomanatis.

460 1609 681 1676 Circa
728 1608 1089 1676 dimidium
1137 1609 1313 1677 dicti
1356 1609 1612 1677 mensis
1654 1609 1867 1700 madij
1916 1610 2242 1678 dominus
2271 1610 2627 1679 Robertus
2656 1630 2744 1678 ex
2776 1609 3039 1679 Sancto
3070 1608 3411 1678 Severino
3441 1630 3581 1677 una
3611 1628 3768 1676 com
3800 1626 4001 1675 exer-

138 1717 221 1779 lo
266 1713 423 1782 citu
472 1735 604 1781 suo
649 1714 1024 1805 allogiatus
1065 1715 1143 1781 in
1186 1715 1473 1804 planitie
1517 1717 1852 1785 Laventie
1897 1737 2118 1806 prope
2164 1717 2325 1786 litus
2367 1716 2601 1797 maris,
2645 1716 2878 1785 multis
2918 1716 3143 1784 modis
3184 1726 3397 1804 atque
3441 1714 3580 1806 vijs
3635 1712 4003 1802 temptavit

265 1839 545 1907 capere
588 1820 1027 1902 Laventiam,
1075 1834 1372 1891 castrum
1419 1821 1601 1891 bene
1648 1823 2009 1904 munitum,
2038 1825 2134 1893 ad
2179 1825 2376 1892 cuius
2420 1823 2809 1892 custodiam
2837 1834 3038 1890 erant
3067 1822 3384 1910 deputati
3427 1832 3814 1889 trecentum
3841 1839 4007 1907 pro-

262 1926 633 2007 visionati‚
681 1948 976 2017 quorum
1021 1942 1232 2016 caput
1275 1941 1427 1997 erat
1468 1928 1870 1998 Balzarinus
1932 1930 2023 1998 de
2082 1930 2352 2011 Laude,
2415 1931 2731 2018 fecitque
2774 1930 2872 1998 ibi
2919 1930 3220 2000 conduci
3279 1950 3488 1997 unam
3548 1925 4001 1995 bombardam

262 2034 558 2123 fingens
603 2035 798 2100 illam
824 2034 930 2102 ibi
957 2036 1310 2122 plantare3
1358 2048 1431 2104 et
1457 2048 1714 2105 vocato
1743 2057 1872 2125 per
1901 2058 2059 2104 eum
2089 2036 2283 2105 dicto
2314 2035 2701 2118 Balzarino‚
2730 2037 2962 2104 multis
2989 2035 3356 2124 temptavit
3384 2032 4007 2123 pollicitationibus

261 2161 763 2227 cor-rumpere,
809 2140 1060 2229 quibus
1104 2142 1278 2208 nihil
1321 2142 1943 2230 proficiscentibus,
1992 2143 2223 2211 eidem
2268 2145 2565 2211 minatus
2592 2154 2698 2211 est
2727 2144 2941 2210 vitam
2985 2144 3298 2232 arripere
3343 2143 3629 2231 laqueo;
3677 2152 3748 2208 et
3792 2153 4001 2226 cepto

134 2242 213 2310 15
262 2246 533 2332 prelio,
584 2247 795 2314 dictis
837 2247 1467 2334 pollicitationibus
1509 2248 1855 2338 minisque
1902 2248 2004 2316 nil
2048 2249 2526 2338 operantibus,
2569 2249 2769 2317 multi
2815 2271 2905 2316 ex
2948 2249 3091 2316 suis
3141 2251 3237 2318 ad
3291 2260 3587 2316 mortem
3642 2246 3790 2315 dati
3843 2255 4006 2312 sunt

262 2363 339 2420 et
386 2350 605 2419 multi
649 2352 1023 2433 vulnerati,
1068 2375 1156 2420 ex
1199 2373 1339 2441 quo
1384 2367 1631 2427 onusta
1672 2353 2060 2423 bombarda
2105 2356 2425 2423 dominus
2469 2354 2825 2424 Robertus
2852 2356 2943 2424 ab
2976 2355 3348 2424 obsidione
3395 2355 3569 2422 dicti
3602 2353 3812 2422 castri
3843 2371 4000 2419 com

268 2459 649 2526 dedecore
698 2458 1056 2538 discessit3
1104 2460 1553 2548 construique
1621 2460 1968 2529 ordinavit
2033 2483 2243 2549 super
2298 2462 2579 2529 flumine
2629 2462 2873 2533 Macre
2919 2472 3200 2550 pontem
3249 2461 3579 2550 ligneum,
3625 2481 3755 2547 per
3800 2478 4003 2547 quem

266 2564 597 2632 evadere
643 2577 903 2653 posset,
948 2566 1201 2634 timens
1245 2567 1563 2635 insultari
1628 2590 1673 2633 a
1742 2566 2042 2636 dominis
2086 2569 2269 2636 duce
2331 2569 2637 2637 Hercule
2701 2580 2772 2637 et
2829 2568 3232 2636 marchione
3276 2568 3589 2647 Mantue,
3635 2566 3756 2655 qui
3800 2564 4001 2633 simul

264 2670 537 2762 juncti'
586 2693 748 2740 com
817 2694 1056 2742 eorum
1119 2674 1418 2741 maxima
1478 2675 1816 2763 comitiva
1860 2687 1932 2743 et
1976 2674 2282 2744 obtentis
2339 2675 2519 2743 locis
2570 2674 2805 2744 Filleti
2849 2687 2920 2743 et
2964 2676 3221 2745 Sancte
3266 2673 3494 2742 Marie
3553 2672 3630 2740 in
3672 2671 3999 2752 Castello,

140 2782 225 2843 20
268 2791 511 2845 castra
559 2800 689 2845 sua
733 2779 1181 2848 firmaverunt
1222 2801 1444 2868 prope
1490 2780 2106 2863 Petramsanctam‚
2166 2804 2240 2850 se
2299 2783 2892 2870 apropinquantes
2952 2780 3149 2850 dicto
3195 2781 3481 2848 domino
3525 2778 3866 2864 Roberto,
3927 2790 4006 2846 ut

266 2885 471 2951 illurn
519 2896 647 2951 aut
695 2898 1123 2973 romperent,
1169 2900 1287 2955 aut
1331 2888 1684 2977 fugarent.
1773 2889 2069 2979 Hocque
2113 2901 2428 2978 tempore
2471 2889 2827 2957 Lucenses
2869 2910 2946 2956 se
2992 2887 3595 2957 concordaverunt
3637 2906 3797 2952 cum
3840 2884 4005 2952 Flo-

279 2992 583 3058 rentinis
627 3002 702 3059 et
746 2990 1046 3078 amplius
1088 2992 1421 3060 victualia
1466 3014 1609 3061 non
1653 2993 2105 3084 porrigebant
2171 2995 2361 3064 dicto
2437 2994 2723 3062 domino
2768 2994 3109 3074 Roberto,
3151 3005 3358 3082 prout
3401 3004 3607 3061 antea
3649 2993 4002 3069 fecer-anu

285 3096 941 3186 persolveruntque,
972 3110 1047 3166 ut
1077 3099 1336 3166 famma
1378 3099 1537 3180 fuit,
1570 3100 1781 3168 dictis
1814 3101 2235 3169 Florentinis
2279 3123 2528 3170 aureos
2571 3100 2825 3191 viginti
2868 3100 3081 3180 mille,
3112 3122 3202 3168 ne
3248 3101 3349 3168 eis
3378 3100 3703 3167 damnum
3728 3099 3802 3163 in
3834 3116 4007 3185 agro

284 3202 583 3270 Lucano
627 3205 954 3274 facerent
994 3217 1283 3293 propter
1323 3206 1877 3294 receptationem
1925 3207 2096 3275 dicti
2141 3208 2407 3275 domini
2440 3206 2742 3277 Roberti
2774 3220 2846 3276 et
2875 3206 3211 3275 victualia
3240 3206 3309 3274 ei
3340 3206 3660 3293 impensa
3702 3225 3832 3293 per
3859 3223 4002 3271 eos.

1 3328 37 3383 ,ς
167 3308 244 3374 25
464 3311 626 3377 Hoc
674 3310 959 3399 quidem
1006 3324 1320 3399 tempore
1366 3335 1531 3403 may
1575 3311 2048 3382 dubitantibus
2077 3314 2554 3383 illustrissimis
2584 3314 2885 3383 dominis
2914 3314 3188 3393 nostris,
3235 3334 3324 3380 ne
3371 3313 3696 3383 dominus
3725 3309 4004 3379 Rober-

0 3455 13 3466 -
286 3427 399 3482 tus
466 3416 932 3504 pertransiret
995 3417 1189 3506 alpes
1256 3428 1330 3486 et
1385 3419 1662 3487 veniret
1722 3421 1814 3489 ad
1875 3420 2227 3489 civitatem
2288 3421 2541 3489 Parme
2601 3420 2729 3490 sub
2790 3419 3035 3489 fidutia
3092 3418 3501 3500 amicorum,
3545 3438 3721 3508 quos
3781 3416 3858 3483 in
3920 3437 4006 3483 ea

286 3522 616 3603 habebat,
682 3523 1112 3611 scripserunt
1178 3524 1318 3613 ipsi
1380 3525 1644 3594 domini
1691 3526 1907 3595 duces
1952 3527 2239 3596 domino
2285 3527 2737 3618 gubernatori
2781 3547 2969 3595 novo
3014 3523 3285 3607 Parme,
3332 3525 3526 3614 quod
3570 3524 4002 3594 confidentes

268 3630 379 3708 ,de
424 3630 569 3700 fide
614 3630 970 3721 magnifici
1016 3631 1282 3700 domini
1325 3631 1733 3701 Petrimarie
1780 3632 2039 3714 Rubei,
2086 3646 2414 3722 tanquam
2476 3635 2566 3703 de
2626 3634 2943 3724 personis
2986 3632 3310 3722 proprijs,
3370 3633 3524 3721 ipse
3581 3631 4006 3723 gubernator

288 3749 429 3804 tam
475 3738 570 3804 de
617 3736 739 3804 die
784 3759 991 3825 quam
1036 3739 1126 3806 de
1172 3751 1375 3806 nocte
1417 3738 1650 3806 eidem
1695 3740 2009 3808 additum
2055 3741 2250 3808 daret
2293 3743 2367 3806 in
2400 3740 2554 3827 ipsa
2582 3742 2887 3820 civitate,
2918 3760 3075 3807 com
3106 3750 3276 3830 quot
3307 3751 3378 3807 et
3407 3738 3660 3828 quibus
3689 3736 4006 3826 personis

3 3863 39 3902 .’
178 3843 254 3909 30
295 3844 501 3923 velet,
547 3864 684 3911 nec
730 3863 874 3909 non
919 3846 996 3911 in
1039 3844 1190 3912 eius
1218 3856 1563 3932 potestate
1605 3846 1805 3913 daret
1849 3865 1985 3934 que
2028 3846 2246 3933 ipsius
2274 3846 2585 3914 civitatis
2614 3847 2951 3915 fortilicia
2979 3846 3386 3936 requireret.
3476 3845 3695 3926 Quod
3724 3842 4005 3933 quidem

297 3949 486 4016 idem
533 3949 857 4016 dominus
899 3949 1327 4039 gubernator
1366 3950 1836 4020 manifestavit
1880 3953 2232 4020 nonnullis
2278 3953 2624 4041 capitibus
2685 3953 2896 4021 trium
2955 3949 3463 4042 squadrarum,'
3525 3951 3616 4021 de
3678 3970 3819 4038 quo
3876 3948 4005 4016 tri-

297 4055 453 4122 stati
483 4066 645 4123 sunt
688 4068 758 4123 et
798 4057 1174 4143 pavefacti,
1217 4056 1845 4125 animadvertentes
1888 4059 2098 4127 fidem
2139 4071 2210 4127 et
2255 4080 2474 4146 spem,
2520 4081 2693 4147 quas
2736 4059 2914 4126 dicti
2959 4058 3226 4127 domini
3273 4058 3491 4126 duces
3534 4055 3888 4125 habebant
3932 4055 4006 4122 in

298 4162 582 4229 domino
640 4159 1075 4230 Petromaria
1133 4174 1207 4232 et
1263 4165 1569 4252 squadra
1628 4163 1900 4245 Rubea‚
1961 4186 2044 4232 ac
2104 4165 2517 4254 periculum,
2580 4164 2655 4232 in
2716 4185 2857 4254 quo
2918 4166 3070 4253 ipse
3128 4176 3267 4232 tres
3324 4163 3624 4253 squadre
3685 4163 4004 4229 incurere

301 4280 643 4354 poterant,
688 4288 1033 4336 memores
1063 4269 1468 4337 iniuriarum
1512 4292 1644 4357 per
1686 4270 1874 4358 ipsas
1919 4270 2265 4340 illatarum
2302 4272 2605 4360 squadre
2650 4270 2905 4339 Rubee
2950 4273 3290 4339 hactenus
3333 4282 3406 4338 et
3445 4269 3683 4337 multis
3710 4267 4003 4347 vicibus,

184 4374 261 4440 35
307 4398 388 4442 ne
433 4396 625 4442 nunc
672 4375 1055 4444 vindictam
1103 4388 1450 4444 sumerent
1494 4389 1740 4445 contra
1800 4378 2100 4445 easdem.
2192 4378 2284 4446 Et
2327 4378 2417 4446 ob
2462 4380 2602 4447 hoc
2644 4378 2872 4446 timidi
2916 4390 2986 4447 et
3031 4377 3225 4468 dubij
3288 4375 3585 4445 stabant.
3677 4375 3822 4444 Sed
3877 4374 4010 4442 Dei

306 4481 523 4571 gratia
568 4481 1002 4568 proditiones
1048 4483 1369 4551 ordinate
1430 4505 1561 4571 per
1621 4484 1882 4551 dictum
1928 4483 2287 4552 dominum
2347 4485 2740 4553 Robertum
2799 4484 3062 4552 nullum
3123 4482 3366 4551 sortite
3429 4494 3587 4550 sunt
3647 4484 4002 4550 effectum.

306 4585 730 4673 Peroptabat
774 4590 981 4668 enim,
1027 4600 1515 4677 statueratque,
1563 4589 1921 4678 obtempto
1965 4590 2024 4657 F
2025 4590 2297 4658 ivizano
2341 4602 2412 4657 et
2458 4591 2616 4683 alijs
2662 4590 2910 4659 castris
2953 4588 3403 4658 existentibus
3446 4588 3520 4654 in
3564 4588 3896 4667 Lunensi,
3928 4587 4003 4654 in

311 4691 554 4779 quibus
598 4702 964 4762 tractatum
1009 4693 1332 4773 habebat,
1377 4696 1575 4783 alpes
1639 4696 1957 4774 transire,
2003 4707 2079 4762 ut
2121 4695 2443 4763 Parmam
2500 4707 2900 4786 occuparet,
2944 4715 3138 4785 spem
3186 4713 3458 4764 omnem
3503 4715 3695 4762 suam
3739 4713 4007 4782 ponens

312 4796 380 4863 in
420 4797 642 4865 tribus
685 4800 1024 4888 squadris.

196 4908 276 4972 40
476 4905 929 4993 Scripserunt
972 4928 1250 4997 quoque
1297 4907 1432 4996 ipsi
1477 4909 1743 4976 domini
1777 4911 1993 4979 duces
2022 4909 2216 4978 dicto
2254 4911 2540 4979 domino
2585 4910 3033 4991 Petronia-ie,
3078 4909 3269 5000 quod
3312 4909 3370 4976 si
3416 4909 3644 4978 dictus
3687 4908 4006 4977 dominus

313 5010 652 5078 Robertus
693 5011 889 5099 alpes
931 5011 1341 5081 Parmenses
1383 5015 1730 5096 transiret,
1777 5014 2065 5084 deberet
2098 5035 2254 5083 com
2300 5017 2490 5083 omni
2534 5038 2658 5085 suo
2704 5036 2908 5106 posse
2952 5018 3214 5085 intrare
3243 5016 3592 5084 civitatem
3624 5015 3871 5083 Parme
3915 5015 4009 5084 ad

314 5116 481 5184 illius
528 5116 1026 5198 defensionem,
1073 5141 1279 5208 quam
1324 5121 1400 5186 in
1445 5120 1595 5189 eius
1637 5132 1977 5208 potestate
2041 5135 2111 5189 et
2170 5123 2466 5191 tuitione
2525 5122 2904 5211 ponebant,
2951 5123 3041 5190 de
3093 5142 3179 5190 eo
3239 5134 3319 5190 ut
3376 5143 3675 5211 persona
3724 5122 4011 5210 propria

315 5223 760 5302 confidentem
807 5246 940 5312 pro
982 5226 1178 5293 cuius
1220 5227 1518 5295 civitatis
1547 5228 1794 5295 additu
1837 5242 2229 5316 opportune
2261 5230 2662 5299 scribebant
2690 5229 3138 5319 gubernatori
3183 5227 3457 5309 Parme,
3504 5250 3664 5297 cum
3710 5225 3874 5316 quo‘
3896 5228 4006 5296 in-

315 5330 750 5419 telligentiam
791 5332 1086 5400 haberet
1129 5353 1335 5422 super
1377 5336 1540 5402 hoc.

216 5435 283 5503 45
467 5438 810 5505 Dominus
852 5438 1209 5509 Robertus
1254 5442 1345 5509 de
1393 5442 1653 5511 Sancto
1700 5443 2040 5513 Severino
2085 5444 2331 5513 videns
2373 5466 2516 5514 non
2561 5464 2766 5532 posse
2811 5444 3078 5534 aliquid
3109 5421 3442 5525 obtinere,
3484 5441 3872 5532 timensque
3902 5443 4008 5508 in-

316 5544 458 5611 vadi
492 5566 537 5609 a
566 5544 868 5612 dominis
897 5546 1080 5614 duce
1107 5546 1391 5614 Ferarie
1435 5559 1507 5616 et
1550 5549 1957 5618 marchione
2001 5550 2311 5632 Mantue,
2356 5570 2429 5618 se
2475 5550 2730 5620 levavit
2772 5573 2816 5618 a
2858 5550 3228 5632 Lavenzia,
3271 5550 3623 5638 venitque,
3655 5559 4006 5617 transacto

317 5652 568 5719 flumine
614 5649 887 5732 Macte,
932 5652 1007 5718 in
1052 5653 1209 5720 loco
1255 5654 1347 5721 de
1395 5652 1745 5741 Ciparana
1791 5655 2122 5724 desubtus
2165 5657 2556 5738 Bullanum,
2602 5669 2679 5725 ut
2722 5657 3107 5736 insultabis,
3156 5658 3249 5725 ad
3294 5657 3648 5744 Spediam,
3693 5657 3808 5724 vel
3869 5655 4010 5723 alia

314 5758 475 5826 illius
517 5758 835 5848 regionis
879 5759 1043 5826 loca
1085 5780 1323 5828 versus
1366 5760 1660 5849 Januam
1705 5782 1781 5830 se
1828 5762 2037 5830 tutius
2081 5765 2516 5831 transferret.
2609 5762 2921 5832 Predicti
2967 5783 3134 5830 vero
3180 5764 3324 5831 dux
3368 5774 3440 5831 et
3481 5762 3792 5830 marchio
3824 5763 4009 5828 ultra

451 6046 535 6102 24.
572 6031 663 6101 el]
703 6031 797 6083 ela
834 6028 951 6081 cod.

4208 2702 4309 2740 us..
4334 2691 4416 2734 ³0⁸

4154 3977 4197 4012 0·
4228 3975 4347 4015 ⁴⁹¹·
