4895 7066
0 1520 39 1531 Ὶ

30 1628 57 1641 fi

1 1650 63 1666 ¹⁴¹·-

0 1725 70 1763 rar.

22 1760 57 1771 q-

0 1936 39 1949 —n

268 493 401 565 [A.
449 492 621 553 ιω
661 492 941 568 onom]
1456 476 1605 559 ‘IN
1658 472 2173 557 PARTmUs
2228 472 2866 554 LoMssARDm
2993 418 2998 429 ’
3936 468 4035 548 59

290 748 800 836 persolverant
844 770 977 836 pro
1024 748 1236 816 rebus
1278 745 1759 825 sacomanatis,
1804 743 2276 811 vociferarent
2320 755 2390 809 et
2436 741 2892 822 clamitarent,
2954 740 3263 810 indebite
3309 739 3723 827 persolvisse
3770 750 3840 806 et
3882 737 4041 806 vele

303 855 580 923 restitui
622 874 821 921 nunc
868 867 942 922 et
974 850 1081 921 'de
1127 855 1340 932 facto,
1387 852 1816 920 cominantes
1862 851 2077 917 multa
2122 849 2304 916 mala
2374 849 2645 926 facere3
2707 847 3032 917 dominus
3091 847 3461 935 episcopus
3505 858 3575 913 et
3617 844 4043 934 gubernator

308 963 590 1041 Parme,
639 982 767 1029 eos
811 963 1106 1029 multum
1167 961 1673 1048 redarguerunt
1732 970 1802 1024 et
1862 967 2275 1024 monuerunt
2321 956 2414 1023 ad
2457 955 2952 1042 deponendum
2999 966 3072 1022 et
3117 954 3567 1043 quietandum
3612 973 3852 1020 eorum
3896 950 4046 1018 ani-

318 1090 502 1147 mos,
544 1070 880 1157 quoniam
924 1081 1071 1137 tam
1117 1053 1286 1155 ipsis
1332 1087 1538 1154 quam
1584 1063 2044 1132 sacomanatis
2073 1062 2574 1150 provideretur.
2665 1061 2756 1128 Et
2785 1061 3133 1149 quoniam,
3164 1058 3281 1127 ubi
3315 1072 3420 1126 est
3449 1059 3836 1138 multitude,
3869 1057 4047 1125 solet

224 1177 263 1242 5
311 1175 755 1263 permaxima
798 1175 948 1241 fieri
996 1174 1339 1252 confusio,
1383 1172 1879 1239 ordinaverunt
1928 1169 2118 1258 elligi
2163 1169 2340 1236 duos
2382 1189 2513 1256 pro
2558 1168 2832 1258 singula
2872 1168 3196 1255 squadra.,
3242 1185 3400 1233 com
3446 1165 3695 1256 quibus
3738 1164 3875 1231 hec
3904 1174 4046 1230 tra-

316 1296 700 1350 ctarentur.
796 1282 1001 1351 Multi
1047 1281 1257 1349 etiam
1302 1280 1651 1361 dixerunt,
1682 1280 1874 1368 quod
1906 1278 2007 1346 eis
2035 1276 2411 1366 placebant
2440 1298 2581 1364 pax
2611 1288 2682 1344 et
2711 1275 3095 1344 concordis
3125 1285 3196 1342 et
3225 1275 3416 1364 quod
3458 1273 3693 1341 vivere
3722 1270 4054 1340 volebant

316 1390 393 1455 in
443 1390 823 1478 tranquilo.

504 1494 619 1563 Ob
662 1496 803 1562 hoc
849 1495 1136 1583 quietati
1180 1505 1341 1563 sunt
1382 1493 1738 1583 paululum
1801 1491 2011 1560 animi
2071 1494 2321 1560 horum
2384 1492 2478 1559 de
2541 1489 2757 1557 tribus
2801 1489 3138 1578 squadris,
3200 1488 3328 1556 sed
3387 1489 3506 1555 vix
3565 1509 3705 1554 una
3749 1486 3864 1553 die
3910 1485 4049 1551 hoc

322 1602 633 1669 duravit:
672 1602 895 1668 altera
923 1622 1091 1669 vero
1125 1602 1239 1669 die
1266 1603 1499 1670 denuo
1531 1600 1605 1665 hi
1636 1619 1795 1667 com
1824 1599 2127 1667 bannitis
2159 1598 2572 1665 adhiverunt
2603 1596 2957 1664 dominum
2989 1595 3393 1682 episcopum
3428 1594 3744 1661 dicentes
3784 1597 3814 1629 “
3841 1592 4048 1659 Nunc

204 1711 280 1774 10
336 1714 369 1744 ³
393 1729 583 1774 nunc
626 1707 949 1774 volumus
979 1730 1021 1775 a
1052 1706 1322 1775 Rubeis
1364 1706 1565 1774 nobis
1608 1706 1894 1785 restitui,
1941 1705 2130 1794 quod
2173 1704 2517 1782 solvimus,
2565 1723 2651 1769 ac
2697 1704 2950 1769 damna
2994 1714 3231 1769 nostra
3273 1713 3346 1769 et
3387 1700 3829 1768 incommoda
3881 1698 4054 1767 ban·

336 1821 367 1851 ³
391 1816 695 1882 nitorum
720 1862 753 1895 „
777 1862 798 1895 ,
830 1815 1170 1882 minantes
1213 1813 1503 1881 Rubeos
1548 1832 2025 1889 sacomanare3
2059 1823 2129 1879 et
2161 1811 2326 1879 licet
2369 1810 2459 1878 ab
2506 1810 2840 1897 episcopo
2884 1809 3411 1877 admonirentur
3438 1819 3511 1874 et
3540 1816 4044 1885 exortarentur,

320 1933 600 1988 atamen
645 1942 841 1987 arma
885 1920 1259 2007 portabant
1302 1932 1373 1988 et
1417 1916 1786 2008 quottidie'
1832 1917 2096 2006 aliquid
2138 1915 2560 1984 innovabant
2605 1928 2847 1983 contra
2890 1915 3200 1983 Rubeos.

507 2027 781 2105 Quinta
826 2028 1108 2095 decima
1155 2027 1277 2096 die
1319 2025 1628 2094 octobris
1671 2026 2081 2113 magnificus
2123 2024 2449 2091 dominus
2482 2023 2719 2091 Guido
2749 2022 3040 2090 Rubeus
3085 2042 3243 2090 com
3273 2020 3669 2089 honorabili
3716 2018 4051 2089 comitiva

322 2134 629 2202 accessit
672 2134 1177 2214 Mediolanum,
1223 2133 1345 2201 ubi
1390 2133 1480 2201 ab
1524 2131 2002 2199 illustrissimis
2045 2131 2345 2198 dominis
2390 2129 2644 2198 nostris
2686 2141 2758 2196 et
2803 2150 2846 2195 a
2877 2129 3177 2197 dominis
3203 2128 3570 2197 Ludovico
3616 2140 3688 2196 et
3730 2126 4050 2195 Roberto

182 2243 263 2306 15
319 2244 515 2308 visus
559 2253 667 2308 est
712 2242 855 2309 leto
903 2241 1156 2321 animo,
1200 2240 1533 2327 vultuque
1577 2239 1759 2305 illari
1805 2250 1875 2305 et
1919 2237 2011 2304 ab
2042 2238 2145 2305 eis
2172 2238 2437 2325 positus
2468 2248 2574 2303 est
2605 2236 2760 2304 loco
2790 2235 3007 2322 patris
3054 2237 3146 2303 ad
3193 2237 3580 2304 sedendum
3626 2234 3705 2302 in
3750 2234 4041 2302 consilio

316 2360 543 2414 status
587 2348 661 2413 in
706 2349 878 2415 sede
925 2348 1151 2425 tertia,
1199 2347 1270 2413 in
1318 2368 1456 2434 qua
1499 2359 1700 2433 pater
1745 2345 1968 2423 sedet,
2015 2364 2171 2411 cum
2206 2357 2311 2410 est
2338 2342 2725 2411 Mediolani
2755 2354 2826 2410 et
2855 2341 2947 2409 ab
2978 2341 3294 2409 omnibus
3338 2342 3497 2431 alijs
3540 2342 3723 2408 visus
3754 2354 3862 2409 est
3891 2360 4050 2409 com

315 2456 607 2542 gaudiO.
701 2456 798 2522 Et
842 2474 1201 2542 quousque
1246 2454 1389 2521 illic
1435 2453 1645 2532 stetit,
1695 2472 1968 2540 semper
2012 2452 2084 2517 in
2130 2450 2423 2519 consilio
2469 2449 2650 2516 sedit
2695 2450 2955 2528 tertius,
3002 2469 3457 2538 reversusque
3490 2460 3595 2516 est
3639 2448 3711 2514 in
3756 2448 4052 2535 patriam

312 2562 516 2627 infra
560 2575 725 2629 octo
775 2562 946 2629 dies.

504 2666 876 2734 Prefactus
922 2667 1243 2736 dominus
1284 2667 1643 2735 Robertus
1687 2668 1927 2735 solitus
1971 2688 2121 2735 esse
2171 2666 2435 2732 emulus
2480 2664 2829 2756 magnifici
2878 2664 3138 2732 domini
3181 2663 3583 2731 Petrimarie
3631 2665 3720 2734 de
3777 2663 4045 2730 Rubeis

180 2777 275 2839 20
324 2775 611 2861 scripsit
656 2775 888 2842 eidem
932 2775 1202 2841 litteras
1242 2775 1505 2843 tenoris
1547 2773 1965 2853 huiusmodi,
2011 2772 2382 2841 videlicet:

513 2993 544 3025 ³
570 2988 953 3077 Magnifice
1000 3009 1086 3055 ac
1130 2988 1675 3075 prestantissime
1721 2987 2022 3067 domine,
2069 2990 2290 3055 trater
2334 2998 2403 3055 et
2447 2987 2669 3054 amice
2716 2987 3146 3055 honorande.

515 3100 546 3131 ⁸
569 3090 716 3162 Per
760 3095 1127 3163 rellatione
1171 3096 1292 3164 del
1337 3107 1575 3163 nostro
1604 3097 2132 3185 Johannepetro
2162 3095 2583 3183 Panigarolo
2617 3107 2688 3162 et
2719 3094 2873 3162 altri
2905 3094 3103 3174 assai,
3135 3115 3247 3159 ma
3276 3093 3498 3181 prima
3530 3094 3645 3161 del
3677 3093 4045 3185 magnifico

342 3209 370 3239 ⁶
394 3215 634 3269 nostro
683 3215 894 3270 conte
941 3202 1262 3290 Johanne
1306 3203 1701 3270 Bonromeo
1731 3204 1827 3269 ho
1858 3202 2079 3269 inteso
2111 3201 2391 3267 l'animo
2438 3213 2674 3269 vostro
2721 3200 3244 3288 dispositissime
3291 3211 3362 3268 et
3405 3199 4053 3268 benevolentissime

346 3315 595 3377 “verso
642 3309 762 3376 mi.
855 3309 1009 3377 Che
1058 3322 1254 3378 certo
1304 3310 1378 3375 ni
1423 3312 1517 3377 ho
1562 3310 1821 3378 havuto
1866 3309 2150 3395 piacere
2196 3309 2394 3388 assai,
2439 3310 2998 3375 recordandome
3045 3306 3379 3395 l’antiqua
3422 3306 3745 3386 amicitia,
3785 3308 3920 3374 che
3968 3308 4044 3373 fo

218 3416 295 3480 25
346 3422 374 3453 ‘⁵
398 3418 483 3481 de
532 3415 583 3480 li
628 3415 857 3503 primi,
902 3417 1039 3482 che
1086 3416 1153 3482 io
1183 3415 1453 3484 havisse
1485 3417 1557 3482 in
1586 3415 2028 3483 Lombardia.
2120 3417 2214 3483 Et
2273 3415 2369 3480 mi
2421 3434 2640 3481 sonno
2685 3414 2944 3491 doluto,
2991 3415 3124 3481 che
3170 3413 3240 3479 la
3281 3413 3571 3501 iniquita
3615 3414 3689 3480 di
3734 3414 3966 3500 tempi,
4012 3436 4056 3481 ο

350 3528 377 3559 ⁸
398 3523 711 3616 malligni
746 3523 1024 3602 homini,
1051 3523 1418 3591 havessero
1438 3524 1677 3612 gittate
1704 3522 1775 3589 in
1796 3523 1865 3589 la
1886 3533 2125 3591 nostra
2154 3533 2390 3589 mutua
2417 3520 2887 3590 benivolentia
2915 3541 3234 3588 semenze
3258 3520 3349 3587 de
3371 3522 3551 3589 male
3582 3518 4054 3608 impressione,

349 3635 376 3666 ²
401 3652 442 3698 o
487 3633 655 3698 dato
705 3651 919 3697 causa
979 3632 1071 3699 de
1134 3632 1386 3698 alcuna
1429 3631 1849 3697 alienatione
1910 3631 1983 3697 di
2046 3629 2323 3696 l'animo
2367 3629 2559 3696 l’uno
2622 3629 2693 3697 di
2756 3627 3001 3696 l’altro.
3095 3628 3316 3696 Como
3361 3628 3421 3694 si
3464 3628 3568 3696 sia
3616 3629 3865 3708 intes0,
3921 3630 4055 3698 che

352 3742 380 3774 ⁸
399 3738 658 3804 Vostra
706 3736 1027 3826 Signoria
1070 3737 1164 3802 ha
1195 3737 1291 3803 tal
1321 3736 1505 3804 bono
1537 3737 1767 3804 animo
1800 3756 2001 3804 verso
2033 3737 2123 3803 de
2159 3737 2276 3815 mi,
2311 3735 2477 3822 qual
2521 3735 2582 3801 si
2626 3755 2938 3802 convene
2985 3733 3056 3801 al
3099 3754 3270 3802 vero
3316 3734 3538 3802 amico
3567 3754 3770 3803 verso
3801 3734 4054 3816 l'altrO,

355 3849 382 3879 ⁸
406 3845 488 3922 io,
537 3844 676 3910 che
722 3863 864 3909 non
907 3843 1174 3929 patisco
1221 3863 1450 3910 essere
1496 3843 1687 3910 vinto
1733 3844 1820 3910 de
1869 3863 2100 3908 amare
2146 3842 2445 3920 l’amico,
2492 3863 2606 3908 ma
2649 3841 3057 3908 facilmente
3090 3841 3358 3927 patisco
3404 3860 3633 3908 essere
3665 3842 3886 3920 vinto,
3919 3842 4056 3909 che

237 3952 312 4015 30
357 3955 384 3985 ⁶
406 3949 635 4039 altruy
680 3950 805 4036 piu
852 3948 992 4037 odij
1044 3950 1159 4029 mi,
1209 3949 1341 4015 che
1386 3949 1456 4015 io
1503 3951 1701 4028 altro,
1747 3950 1842 4014 mi
1889 3950 2073 4037 dago
2120 3950 2232 4014 col
2279 3949 2506 4015 animo
2552 3946 3183 4014 benivolentissime
3228 3947 3368 4013 alla
3415 3946 3735 4038 Signoria
3776 3948 4051 4014 Vostra.

349 4059 376 4090 ²
401 4058 457 4128 E
506 4058 694 4124 cossi
742 4056 1023 4144 quando
1084 4078 1128 4122 a
1171 4056 1405 4144 quella
1448 4057 1674 4142 piace,
1719 4057 1962 4143 recipo
2008 4057 2059 4122 il
2104 4076 2228 4123 suo
2274 4068 2344 4122 et
2387 4056 2501 4144 gia
2548 4055 2591 4120 1’
2606 4057 2699 4121 ho
2745 4067 3079 4141 receputo
3124 4074 3253 4141 per
3298 4055 3364 4123 le
3410 4055 3671 4142 optime
3715 4054 4055 4123 relatione

357 4164 746 4251 “predicte,
793 4163 1240 4249 aparechiato
1285 4184 1329 4228 a
1372 4164 1528 4230 tutti
1574 4163 1598 4228 i
1644 4163 1857 4249 tempi
1901 4182 2029 4249 per
2074 4162 2231 4229 tutti
2278 4160 2326 4227 li
2372 4160 2789 4248 beneplaciti
2837 4162 2910 4229 di
2956 4160 3213 4229 Vostra
3259 4160 3581 4249 Signoria
3642 4174 3711 4228 et
3773 4161 3843 4228 di
3906 4162 4057 4228 suoi

357 4273 384 4305 ⁸
402 4270 630 4337 amici.
676 4270 871 4335 Bene
917 4269 1160 4336 valete.
1250 4268 1635 4336 Mediolani
1700 4270 1794 4359 xij
1844 4268 2147 4336 octobris
2216 4267 2407 4339 1479.
2499 4266 2851 4335 Robertus
2897 4268 3041 4335 San
3088 4267 3462 4335 Severinus
3508 4269 3597 4335 de
3642 4266 4051 4355 Arragonia,

358 4381 384 4411 ²
405 4396 644 4443 comes
687 4374 999 4465 Cayatie,
1034 4375 1268 4464 regius
1297 4376 1778 4443 locomtenens
1823 4375 2170 4463 generalis
2197 4421 2258 4454 „.
2348 4372 2417 4439 A
2463 4385 2683 4462 tergo.
2743 4378 2773 4411 ‘⁶
2797 4372 3178 4464 Magnifice
3224 4385 3296 4441 et
3339 4372 3876 4461 prestantissimo
3924 4375 4054 4442 do-

241 4481 313 4548 35
358 4488 385 4518 ²
406 4483 599 4549 mino
658 4482 1084 4549 Petromarie
1133 4483 1222 4549 de
1266 4480 1557 4560 Rubeis,
1607 4481 1864 4562 comiti,
1926 4480 2470 4568 marchionique,
2518 4479 2740 4547 amico
2786 4492 2859 4547 et
2903 4481 3106 4546 fratri
3152 4481 3563 4549 honorando
3589 4527 3651 4562 „.
3749 4509 3753 4536 ·

511 4696 649 4763 Cui
696 4696 978 4764 domino
1025 4691 1346 4764 Robe'rto
1391 4715 1798 4783 responsum
1846 4694 2084 4761 datum
2131 4695 2268 4761 fuit
2315 4693 2761 4784 condignum,
2812 4713 2897 4763 ac
2941 4693 3285 4782 reciproci
3332 4693 3543 4760 animi
3589 4693 3721 4761 sibi
3767 4692 4050 4782 quidem

353 4823 797 4870 canss1mum.

512 4907 634 4975 Ob
680 4928 936 4974 novum
977 4909 1286 4997 regimen
1332 4909 1505 4976 dicti
1551 4922 1766 4977 status
1809 4909 2214 4989 Mediolani,
2264 4910 2378 4976 cui
2422 4909 2726 4995 prefecti
2771 4920 2930 4975 sunt
2974 4908 3145 4976 dicti
3202 4909 3466 4976 domini
3523 4908 3929 4977 Ludovicus
3988 4921 4061 4976 et
4151 4908 4164 4914 “

350 5015 701 5083 Robertus
745 5024 817 5082 et
860 5029 1002 5083 tres
1045 5013 1356 5103 gibellini
1399 5027 1473 5083 et
1517 5028 1657 5082 tres
1699 5015 1914 5105 guelfi
1980 5013 2569 5095 Mediolanenses,
2617 5016 2740 5103 qui
2785 5027 3018 5082 tamen
3081 5016 3252 5082 nihil
3317 5015 3746 5103 importantis
3792 5015 4055 5082 delibe-

244 5124 315 5188 40
352 5123 592 5190 rabant
634 5123 787 5189 sine
832 5122 1368 5209 participatione
1416 5123 1695 5190 domine
1756 5123 2053 5209 ducisse,
2115 5122 2336 5190 multa
2394 5135 2556 5189 sunt
2616 5123 2944 5189 innovata
2990 5135 3062 5190 et
3106 5122 3458 5210 inmutata,
3520 5124 3717 5191 multi
3779 5122 4058 5190 ellevati

350 5242 411 5296 et
449 5229 653 5296 multi
703 5228 1032 5315 depressi.
1122 5229 1369 5296 Dictus
1428 5249 1595 5296 vero
1658 5227 1975 5297 dominus
2033 5229 2437 5297 Ludovicus
2499 5228 2774 5298 Sforcia
2833 5240 3102 5297 mortuo
3150 5230 3300 5296 eius
3343 5229 3562 5297 fratre
3608 5231 3790 5297 duce
3835 5229 4058 5309 Barri,

353 5350 622 5404 creatus
668 5349 775 5403 est
822 5358 864 5401 a
907 5355 1075 5423 rege
1122 5334 1574 5404 Ferdinando
1621 5335 1691 5401 in
1739 5336 1991 5402 ducem
2041 5335 2237 5403 Barri
2285 5348 2357 5403 et
2400 5335 2491 5403 ab
2538 5355 2622 5404 eo
2669 5337 2964 5404 donatus
3008 5335 3263 5403 ducatu
3309 5334 3529 5404 Barri.

514 5442 918 5530 Antequam
966 5441 1229 5509 domini
1274 5441 1676 5509 Ludovicus
1722 5453 1792 5510 et
1835 5441 2212 5521 Robertus,
2245 5443 2617 5533 redijssent
2646 5442 2716 5507 in
2746 5442 3038 5530 gratiam
3082 5454 3153 5509 et
3198 5444 3290 5508 ad
3334 5443 3612 5511 servitia
3653 5455 3870 5512 status
3898 5442 4057 5512 Me-

354 5549 628 5628 diolani,
675 5547 1181 5618 claudebantur
1222 5560 1469 5635 pontes
1513 5548 1804 5636 Lapidis
1850 5560 1920 5615 et
1966 5549 2135 5617 doni
2183 5549 2442 5640 Egidij‚
2492 5569 2703 5635 super
2746 5549 3027 5616 flumine
3072 5547 3322 5617 Parme
3367 5571 3525 5618 cum
3552 5552 3770 5639 portis
3816 5551 4059 5619 feratis

262 5653 323 5719 45
360 5668 415 5722 et
456 5656 1026 5724 custodiebantur
1070 5666 1208 5722 tam
1257 5655 1348 5721 de
1398 5655 1535 5736 die,
1584 5675 1792 5742 quam
1842 5655 1931 5722 de
1978 5667 2207 5733 nocte,
2255 5678 2298 5722 a
2341 5655 2849 5742 provisionatis,
2896 5675 3034 5744 que
3100 5656 3421 5723 fortilitia
3464 5669 3736 5725 errecta
3780 5660 4059 5726 fuerant

356 5764 447 5846 ob,
486 5777 740 5832 metum
809 5761 1021 5829 trium
1082 5761 1535 5849 squadrarum
1580 5773 1650 5827 et
1693 5760 2009 5827 similiter
2054 5775 2260 5848 porte
2328 5762 2583 5849 platee.
2677 5762 3029 5830 Successit
3097 5774 3325 5830 autem
3395 5776 3555 5851 post
3620 5784 3873 5831 novum
3921 5765 4058 5833 hoc

356 5872 653 5963 regimen,
690 5870 898 5960 quod
930 5868 1224 5954 amplius
1254 5888 1396 5935 non
1426 5867 1946 5945 claudebantur,
1979 5889 2109 5935 nec
2142 5867 2739 5947 custodiebantur-3
2772 5888 3049 5957 unaque
3094 5882 3301 5936 nocte
3345 5891 3486 5937 una
3512 5891 3675 5957 pars
3703 5882 4058 5957 portarum

343 5994 398 6052 et
430 5982 813 6051 scallarum
865 5975 1220 6043 dictorum
1263 5973 1578 6061 pontium
1623 5974 1899 6042 deiecta
1942 5986 2047 6042 est
2091 5974 2163 6041 in
2206 5975 2486 6042 flumine
2532 5974 2632 6043 et'
2677 5994 2920 6043 omnes
2964 5976 3376 6045 munitiones
3418 5976 3517 6047 ibi
3562 5979 3891 6066 deputate
3922 5979 4049 6048 de-

4208 5476 4248 5509 c.
4277 5463 4399 5517 ων

4203 6001 4357 6059 uun„
4386 6001 4467 6046 325
