4895 7066
360 537 441 611 [A.
477 538 627 596 ιω
660 536 931 608 onom]
1508 525 1623 601 IN
1676 523 2190 600 PARTIBUS
2244 515 2881 599 LoMBARmE
3902 499 4044 600 117

376 789 583 855 calium
629 799 733 852 est
780 786 1055 854 auditus
1085 797 1159 852 et
1188 807 1277 851 ne
1326 784 1414 851 ab
1461 785 1559 851 eis
1607 797 1991 870 caperetur,
2035 784 2430 851 retrocessit
2475 796 2547 850 et
2588 784 2796 873 redijt
2841 785 2913 850 in
2943 804 3105 854 arce
3138 784 3376 852 Sancti
3410 783 3737 854 Secundi.
3831 781 4050 862 Quod

372 916 540 961 mane
582 906 826 982 sequto
874 891 965 959 ab
1012 892 1286 960 incollis
1333 892 1470 960 loci
1514 891 1838 970 auditum,
1887 891 2018 977 ipsi
2076 890 2306 957 incole
2352 890 2566 957 multa
2609 904 2766 958 sunt
2817 890 3054 962 minati
3113 892 3396 966 domino
3444 890 3746 964 Guidoni
3790 903 3862 959 et
3905 912 4052 960 ma·-

372 1003 522 1067 1ime
567 1001 755 1087 quod
802 999 951 1066 sine
1001 1020 1088 1066 eo
1138 998 1588 1066 concordium
1638 1019 1796 1064 com
1842 1010 2019 1064 statu
2064 996 2447 1064 Mediolani
2508 1012 2875 1077 sumerent,
2934 1000 3216 1088 jamque
3262 998 3552 1085 amplius
3595 997 3727 1084 ipsi
3767 997 4057 1068 domino

368 1108 641 1176 Guidoui
688 1106 979 1175 obedire
1025 1105 1397 1174 nollebant.
1490 1105 1812 1171 Tandem
1857 1104 2171 1171 dominus
2218 1104 2449 1172 Guido
2496 1106 2726 1172 audax
2769 1118 2841 1172 et
2883 1105 3188 1208 prudeus
3233 1117 3662 1174 assecuratus
3705 1104 3778 1176 in
3821 1103 4063 1171 castris

302 1217 331 1280 5
366 1217 442 1281 ad
482 1214 831 1281 dominum
878 1213 1346 1280 marchionem
1393 1210 1860 1279 Montisferati
1888 1232 1964 1277 se
1997 1211 2352 1292 transtulit,
2397 1209 2518 1277 ubi
2563 1210 2740 1277 inter
2785 1230 2907 1277 eos
2951 1211 3404 1284 concordium
3449 1223 3554 1280 est
3596 1212 3928 1292 secutum,
3972 1210 4063 1280 si-

364 1324 506 1389 licet
547 1322 739 1409 quod
784 1321 1125 1387 exercitus
1172 1320 1462 1388 ducallis
1510 1339 1667 1386 com
1713 1317 2110 1386 bombardis
2153 1338 2228 1384 se
2276 1316 2365 1385 ab
2412 1317 2772 1388 obsidione
2838 1317 2974 1386 loci
3036 1318 3319 1399 levaret,
3365 1318 3690 1406 quodque
3735 1317 3882 1405 ipse
3929 1319 4060 1388 do-

366 1429 565 1494 minus
610 1428 847 1494 Guido
893 1429 1080 1494 foret
1122 1426 1435 1494 subditus
1482 1439 1551 1492 et
1595 1425 1847 1493 fidellis
1891 1424 2094 1492 statui
2141 1424 2558 1503 Mediolani3
2594 1425 2971 1513 armigeros
3015 1426 3241 1492 nullos
3285 1437 3588 1503 teneret3
3639 1436 3710 1494 et
3753 1424 4063 1514 quelibet

362 1558 523 1623 pars,
569 1535 759 1623 quod
804 1534 1162 1614 habuerat,
1207 1546 1478 1600 teneret
1524 1545 1594 1600 et
1636 1532 2058 1620 possideret3
2129 1544 2484 1599 cessarent
2543 1532 2968 1600 offensiones
3011 1546 3086 1600 et
3128 1532 3293 1598 hinc
3338 1532 3502 1600 inde
3548 1529 3914 1620 tranquille
3958 1533 4060 1599 vi-

358 1655 637 1718 veretur3
688 1641 1124 1728 mitteretque
1172 1640 1355 1706 idem
1417 1639 1734 1706 dominus
1797 1639 2027 1706 Guido
2089 1638 2565 1706 Mediolanum
2626 1638 3156 1727 primogenitum
3217 1659 3412 1712 suum
3477 1638 3798 1708 comitem
3855 1638 4071 1725 Filip-

267 1751 329 1815 10
364 1772 515 1836 pum
557 1747 875 1814 Mariam.
971 1746 1133 1825 Quo
1181 1749 1371 1814 facto
1416 1768 1557 1833 pax
1606 1746 1770 1812 hinc
1816 1745 1977 1812 inde
2021 1744 2375 1833 publicata
2416 1745 2551 1816 fuit
2597 1757 2669 1812 et
2713 1745 2785 1810 in
2831 1758 3056 1813 castro
3087 1767 3131 1811 a
3159 1744 3549 1816 forensibus
3580 1758 3650 1811 et
3675 1745 3764 1816 ab
3795 1745 3931 1814 illis
3973 1747 4067 1812 de

362 1856 606 1921 Sancto
654 1854 984 1921 Secundo
1030 1854 1102 1918 in
1150 1853 1387 1919 castris
1418 1852 1809 1919 ducallibus
1840 1852 2060 1918 amice
2107 1866 2178 1920 et
2220 1851 2530 1922 fraterne
2578 1849 2820 1918 ibatur.
2913 1853 3005 1919 Et
3047 1874 3186 1920 una
3226 1873 3388 1939 pars
3436 1872 3594 1920 com
3638 1852 3855 1922 altera
3884 1866 4069 1924 uan-

361 1963 530 2050 quile
578 1960 1133 2028 conversabatur.
1223 1959 1488 2026 Levate
1535 1970 1691 2025 sunt
1733 1958 2014 2044 insuper
2061 1958 2485 2054 offensiones
2528 1956 2705 2024 inter
2752 1956 3104 2026 dominum
3136 1957 3503 2028 Obiectum
3537 1971 3608 2032 et
3638 1958 3947 2039 Rubeos,
3995 1959 4066 2024 in

360 2067 651 2155 partibus
694 2067 1058 2133 montanis.
1147 2066 1239 2132 Et
1284 2064 1431 2152 ipse
1478 2064 1796 2132 dominus
1841 2063 2175 2132 Obiectus
2219 2083 2295 2131 se
2342 2063 2596 2132 levavit
2640 2063 2729 2131 ab
2776 2063 3138 2134 obsidione
3183 2064 3468 2156 Comi-lii
3517 2077 3589 2136 et
3631 2065 3703 2132 in
3734 2084 3906 2154 agro
3936 2067 4071 2134 Fe·

366 2174 631 2240 rai-iensi
699 2173 917 2240 missit
982 2185 1227 2261 gentes
1293 2193 1470 2240 suas.
1561 2172 1720 2260 Ipse
1780 2190 1948 2238 vero
2008 2170 2487 2238 Mediolanum
2559 2182 2663 2238 est
2730 2171 3107 2256 protectus.
3197 2171 3659 2244 Reverendus
3717 2192 3884 2240 vero
3946 2172 4073 2244 do-

260 2281 328 2347 15
368 2283 570 2347 minus
612 2279 1139 2350 Protonotarius
1184 2291 1254 2345 et
1299 2278 1616 2345 dominus
1659 2277 1966 2365 Jacobus
2009 2276 2319 2356 Rubeus,
2366 2276 2486 2365 qui
2533 2296 2692 2343 com
2737 2277 2924 2346 omni
2971 2277 3280 2348 exercitu
3339 2278 3605 2346 iverant
3666 2277 4070 2360 Comitium,

370 2386 771 2476 profligaturi
820 2385 1174 2452 dominum
1220 2384 1610 2465 Obiectum‚
1642 2383 1878 2451 habito
1908 2383 2146 2464 nuntio
2193 2383 2380 2456 dicte
2424 2383 2642 2469 pacis,
2690 2397 3128 2452 cessaverunt
3172 2397 3242 2456 et
3284 2396 3827 2454 reu-ovenerunt.
3922 2385 4072 2456 Re-

372 2494 596 2559 ductus
638 2494 873 2558 fuerat
920 2490 1111 2556 idem
1159 2488 1478 2557 dominus
1525 2488 1754 2557 Guido
1800 2488 1872 2554 in
1916 2500 2198 2569 tantum,
2246 2488 2433 2576 quod
2482 2487 2574 2556 ob
2619 2500 2842 2558 tantas
2900 2510 3184 2578 guerras
3245 2491 3611 2560 exhausms
3671 2502 3822 2558 erat
3866 2491 4074 2558 artel-

387 2595 552 2683 larijs
594 2607 663 2660 et
706 2592 1216 2673 munitionibus,
1262 2612 1395 2658 nec
1442 2590 1743 2657 habebat
1788 2591 2078 2678 amplius
2139 2591 2210 2655 in
2271 2590 2530 2658 Sancto
2581 2590 2941 2658 Secundo'
3003 2592 3359 2680 pulverem
3414 2615 3457 2660 a
3500 2592 3918 2673 bombardis,
3964 2614 4072 2662 sa-

376 2703 699 2791 gitamina,
745 2699 1130 2788 plombum‚
1176 2699 1433 2780 vinum,
1479 2719 1614 2765 nec
1644 2698 1961 2779 farinam,
2007 2709 2473 2785 steterantque
2506 2698 2666 2785 equi
2709 2698 2814 2764 sui
2859 2698 3104 2766 diebus
3147 2699 3389 2788 viginti
3418 2700 3565 2766 sine
3611 2701 3803 2780 fene,
3849 2700 4080 2786 pallea

259 2814 336 2875 20
380 2824 446 2876 et
481 2809 700 2889 blado,
747 2806 952 2873 fabas
1000 2819 1258 2874 tantum
1309 2806 1767 2873 comedendo.
1860 2806 1952 2871 Et
1995 2804 2240 2870 mirum
2273 2804 2425 2883 fuit,
2461 2804 2649 2892 quod
2682 2817 2980 2874 castrum
3025 2805 3246 2891 ipsum
3289 2817 3550 2876 tantum
3596 2806 3918 2886 tenuerit3
3949 2807 4077 2876 sed

378 2917 499 2982 Dei
534 2915 749 3005 gratia
796 2926 867 2981 et
910 2911 1281 3000 probitate'
1331 2912 1593 2980 domini
1638 2911 1977 2979 Guidonis
2021 2911 2158 2978 hoc
2219 2922 2435 2978 totum
2484 2922 2711 2978 actum
2757 2924 2881 2992 est,
2928 2912 3117 2998 quod
3163 2933 3424 2982 summe
3470 2912 3816 2999 displicuit
3857 2912 4074 2984 tribus

386 3023 675 3111 squadris
720 3019 1210 3088 Parmensibus
1256 3018 1688 3106 cupientibus
1717 3019 1987 3084 ruinam
2032 3016 2461 3086 Rubeorum.
2550 3018 2644 3085 Et
2688 3018 3058 3085 inmediate
3102 3019 3459 3105 prefactus
3504 3019 3822 3086 dominus
3851 3020 4084 3088 Guido

388 3129 577 3194 missit
623 3127 952 3194 comitem
998 3126 1348 3214 Filippum
1394 3125 1928 3214 primogenitum
1973 3146 2169 3191 suum
2212 3123 2717 3204 Mediolanum,
2764 3124 2877 3191 cui
2919 3124 3134 3191 multa
3177 3137 3334 3194 sunt
3375 3125 3685 3212 pollicita
3730 3126 3822 3193 de
3851 3127 4085 3194 dando

399 3235 487 3299 illi
527 3255 903 3324 congruum
949 3232 1401 3320 stipendium3
1448 3231 1798 3319 missitque
1830 3243 2042 3298 status
2083 3229 2470 3298 Mediolani
2512 3251 2730 3316 penes
2774 3230 2994 3318 ipsum
3041 3229 3390 3297 dominum
3439 3231 3831 3299 Guidonem
3874 3253 4087 3299 unum

271 3341 353 3407 25
401 3342 836 3422 secretarium,
885 3339 1109 3408 silicet
1150 3337 1666 3427 Acquillanum,
1714 3337 1831 3425 qui
1879 3336 2202 3405 continue
2248 3335 2393 3403 illic
2421 3356 2552 3424 pro
2582 3348 2762 3404 statu
2803 3336 3187 3407 Mediolani
3231 3338 3525 3419 adesset,
3558 3337 3788 3405 omnia
3828 3339 4092 3408 visurus

400 3464 459 3515 et
496 3449 981 3515 intellecturus.

551 3554 709 3634 Qua
756 3554 966 3621 etiam
1012 3554 1125 3620 die
1173 3573 1262 3621 ex
1303 3554 1526 3642 gratia
1569 3553 1886 3620 dominus
1919 3552 2150 3621 Guido
2182 3552 2398 3619 missit
2427 3553 2501 3619 in
2547 3552 2752 3619 dictis
2782 3552 3020 3619 castris
3047 3552 3355 3621 millitem
3387 3555 3478 3621 de
3510 3553 3867 3641 Scipionio
3900 3575 4086 3623 anno

393 3683 569 3730 cin-so
613 3674 896 3749 captum
943 3672 1015 3727 et
1060 3661 1494 3748 detemptum
1525 3660 1597 3725 in
1636 3661 1894 3728 Sancto
1929 3659 2278 3740 Secundo,
2311 3660 2453 3729 fide
2483 3658 2612 3726 sibi
2642 3659 2806 3725 data
2834 3679 2962 3747 per
2991 3659 3436 3746 Zampetrum
3464 3660 3861 3749 Brigamini,
3898 3664 4090 3751 quod

394 3781 637 3857 sumpta
684 3788 862 3835 cena
907 3767 998 3834 ad
1041 3767 1397 3854 pristinam
1441 3778 1827 3835 revertetur
1871 3765 2428 3853 detemptionem.
2511 3762 2657 3844 Qui
2685 3765 2908 3832 milles
2936 3766 3164 3833 fracta
3190 3767 3331 3833 fide
3362 3767 3652 3854 amplius
3693 3788 3837 3835 non
3880 3770 4091 3859 redijt

274 3877 351 3939 30
393 3888 454 3943 et
490 3876 586 3943 sic
624 3875 769 3964 jam
815 3875 886 3939 in
932 3873 1071 3939 fide
1118 3873 1428 3940 ducalles
1474 3884 1809 3961 ceperunt
1851 3872 2154 3939 deficere
2199 3890 2438 3940 versus
2485 3872 2835 3939 dominum
2884 3871 3299 3940 Guidonem.

548 3982 671 4049 His
711 3978 1035 4069 peractis,
1083 3979 1423 4049 exercitus
1466 3979 1818 4066 predictus
1850 3977 2140 4045 ducallis
2182 3998 2259 4046 se
2306 3978 2560 4046 levavit
2602 3991 2674 4046 et
2702 3978 3054 4046 Ferariam
3098 3980 3456 4066 protectus
3500 3992 3623 4063 est,
3672 3979 4088 4051 bombardae

392 4109 541 4155 vero
582 4086 857 4155 reduxit
901 4085 973 4151 iu
1019 4098 1244 4153 castro
1289 4086 1661 4153 Cremone.

553 4193 928 4273 Sciendum
975 4205 1099 4272 est,
1145 4192 1337 4281 quod
1396 4192 1766 4260 inmediate
1812 4193 2069 4281 sequtis
2128 4194 2478 4281 predictis,
2525 4205 2738 4261 status
2781 4193 3165 4262 Mediolani
3208 4194 3424 4265 voluit
3467 4216 3511 4262 a
3552 4195 3750 4276 villis,
3812 4217 3947 4283 que
4007 4216 4086 4264 se

398 4302 741 4390 magnifico
787 4298 1069 4368 domino
1099 4298 1526 4367 Petromarie
1586 4300 1679 4369 de
1723 4297 1995 4369 Rubeis
2037 4301 2394 4379 dederant,
2430 4299 2643 4366 levari
2688 4300 2790 4367 sal
2843 4313 2914 4367 et
2956 4313 3149 4368 taxas
3195 4319 3525 4389 equorum
3569 4301 3892 4389 persolvi,
3954 4322 4090 4369 nec

288 4405 359 4469 35
399 4407 517 4473 alio
556 4408 652 4474 uti
681 4407 876 4486 salle,
909 4428 1114 4495 quam
1147 4418 1515 4473 consueto:
1564 4407 1752 4494 quod
1787 4426 2050 4473 summe
2079 4405 2351 4473 incollis
2396 4407 2734 4472 dictarum
2766 4406 3078 4473 villarum
3108 4406 3477 4493 displicuit,
3509 4428 3666 4475 cum
3708 4410 3937 4496 potius
3966 4429 4086 4476 ve-

402 4515 526 4581 lent
548 4513 957 4602 previllegio
1003 4512 1456 4599 exemptionis
1499 4512 1687 4579 sallis
1733 4526 1804 4580 et
1848 4526 2153 4580 taxarum
2198 4512 2506 4602 gaudere
2523 4537 2566 4591 3·
2591 4505 2740 4580 nec'
2772 4512 3056 4581 obedire
3101 4512 3481 4583 voluerunt.

554 4621 726 4688 Cum
772 4631 983 4686 status
1030 4618 1415 4685 Mediolani
1460 4619 1805 4707 indigeret
1848 4619 2310 4708 stipendiariis
2352 4639 2483 4706 pro
2529 4618 2780 4685 auxilio
2813 4618 3008 4688 ducis
3054 4615 3334 4686 Ferarie
3380 4642 3424 4687 a
3453 4622 3741 4690 Venetis
3773 4621 4086 4703 obssessi‚

400 4727 658 4793 multum
705 4724 1131 4804 ellaboravit,
1177 4736 1252 4790 ut
1297 4736 1544 4812 gentes
1590 4724 1854 4791 domini
1899 4725 2237 4792 Guidonis
2268 4738 2340 4793 et
2383 4725 2840 4814 Protonotarij
2880 4725 2971 4791 de
3001 4725 3303 4792 Torellis
3331 4728 3425 4793 ad
3454 4728 3798 4814 stipendia
3826 4729 4101 4796 ducalia

404 4854 467 4898 se
510 4833 1010 4907 conducerent3
1059 4842 1129 4897 et
1170 4830 1359 4897 missi
1400 4842 1559 4897 sunt
1604 4843 1913 4900 oratores
1956 4828 2210 4911 Fillini,
2255 4830 2373 4897 ubi
2419 4831 2734 4898 dominus
2778 4832 3081 4919 Jacobus
3127 4851 3284 4898 com
3317 4834 3630 4920 squadris
3674 4847 3965 4922 quatuor
3995 4835 4097 4901 al-

307 4940 369 5001 40
406 4937 687 5027 lofflabat
733 4949 806 5004 et
849 4935 1198 5003 asserebat
1244 4936 1568 5004 Fillinum
1615 4957 1766 5005 esse
1809 4959 2004 5004 suum
2051 4950 2122 5004 et
2166 4957 2324 5005 com
2352 4937 2644 5004 Venetis
2674 4938 2832 5005 fore
2865 4939 3304 5007 conductum.
3395 4939 3742 5030 Armigeri
3773 4961 3942 5009 vero
3989 4942 4092 5009 sui

406 5045 709 5113 dicebant
755 5043 943 5111 nolle
986 5043 1274 5131 amplius
1317 5042 1799 5132 stipendium'3
1848 5057 1919 5111 et
1961 5066 2034 5111 se
2079 5045 2239 5113 ficte
2286 5042 2635 5126 dolebant,
2668 5044 2855 5132 quod
2886 5045 3201 5112 dominus
3234 5046 3462 5113 Guido
3494 5067 3570 5112 se
3603 5050 4094 5116 concordasset

408 5151 574 5217 nulla
617 5152 812 5217 facta
857 5149 1208 5217 mentione
1253 5148 1342 5216 de
1388 5150 1574 5236 ipsis,
1623 5150 1740 5238 qui
1787 5151 2066 5217 exilium
2110 5150 2567 5239 patiebantur,
2617 5163 2687 5216 et
2748 5171 2791 5216 a
2849 5163 3026 5218 statu
3068 5151 3453 5218 Mediolani
3514 5151 3712 5220 bonis
3770 5155 3909 5222 suis
3951 5155 4098 5243 pri-

411 5257 533 5324 vati
575 5268 788 5324 erant.
882 5254 1218 5322 Dominus
1262 5274 1431 5322 vero
1476 5254 2013 5336 Protonotarius‚
2062 5258 2175 5326 cui
2218 5256 2431 5323 multa
2472 5255 3002 5343 pollicebantur,
3051 5276 3364 5327 asserens
3407 5258 3929 5326 Turemclaram
3974 5282 4102 5348 per

418 5384 551 5429 eum
592 5364 801 5430 fuisse
850 5374 1279 5450 occupatam,
1326 5362 1573 5429 nolluit
1614 5384 1915 5450 unquam
1963 5385 2006 5428 a
2048 5363 2336 5430 Venetis
2381 5363 2683 5431 deviare.
2773 5362 3109 5431 Dominus
3153 5384 3320 5431 vero
3354 5365 3585 5433 Guido
3615 5387 3690 5432 se
3723 5366 4099 5435 excusabat

325 5464 382 5530 45
419 5488 550 5535 com
591 5483 767 5537 statu
817 5468 1204 5536 Mediolani
1251 5488 1563 5535 asserens
1605 5488 1682 5535 se
1727 5468 1827 5533 illi
1869 5469 2110 5535 fillium
2168 5469 2242 5536 in
2300 5468 2612 5539 obsidem
2660 5481 2731 5537 et
2773 5469 2981 5537 fidem
3044 5469 3300 5536 misisse
3365 5483 3435 5538 et
3475 5472 3818 5557 privatum
3880 5474 4097 5540 fuisse

420 5575 695 5643 dominio
739 5574 976 5641 Fillini
1021 5586 1093 5641 et
1132 5574 1564 5641 Turrisclare
1598 5586 1668 5640 et
1695 5596 1838 5642 non
1881 5596 2084 5662 posse
2130 5575 2354 5643 dictos
2397 5575 2846 5663 stipendiatus
2891 5575 3092 5641 statui
3135 5574 3518 5641 Mediolani
3562 5578 3752 5646 dare.
3843 5580 3970 5646 His
3999 5580 4101 5646 sic

423 5683 718 5751 stantibus
757 5705 901 5773 pax
944 5681 1408 5769 suprascripta
1450 5680 1597 5747 visa
1638 5695 1741 5749 est
1785 5681 2123 5749 simullata
2166 5694 2237 5750 et
2283 5683 2576 5750 cohacte
2623 5682 2831 5748 facta.
2894 5682 3165 5749 Tamen
3193 5693 3403 5749 status
3432 5682 3819 5751 Mediolani
3861 5686 3935 5752 in
3962 5688 4104 5754 fide

426 5791 578 5876 cepit
617 5792 945 5871 deficere,
992 5809 1136 5855 non
1176 5787 1537 5854 restituens
1583 5787 1864 5854 militem
1927 5790 2016 5855 de
2081 5788 2457 5876 Scipioni0,
2503 5808 2646 5856 non
2689 5790 2863 5855 dans
2923 5788 3340 5876 stipendium
3403 5789 3640 5856 comiti
3698 5790 3974 5879 Filippo
4035 5808 4108 5861 et

423 5895 723 5967 innovans
768 5909 1018 5966 contra
1061 5894 1371 5962 subditos
1423 5894 1684 5961 domini
1730 5895 2065 5962 Guidonis
2111 5908 2302 5962 taxas
2347 5907 2418 5961 et
2476 5895 2716 5961 sallem
2767 5908 3008 5962 contra
3048 5895 3405 5988 promissa.
3498 5897 3592 5966 Et
3636 5897 3803 5965 dicti
3849 5900 4108 5969 domini

331 5997 388 6068 50
412 6002 906 6078 Protonotarms
952 6015 1025 6071 et
1065 6001 1371 6092 Jacobus
1416 6023 1459 6066 a
1504 6000 1694 6068 dicto
1739 6014 1918 6068 statu
1961 6004 2242 6070 fuerunt
2286 6000 2571 6069 banniti.

4223 2933 4388 2982 Mt'nt„
4418 2935 4497 2975 3⁹⁴
