4895 7066
303 485 408 567 [Α.
449 483 596 551 ι4εο
634 482 977 564 dioembre]
1470 473 1584 557 IN
1636 471 2153 556 PARTIBUS
2208 467 2843 556 LOMBARDlE
3909 462 4002 552 91

1398 630 3370 646 mmmm-*ommunufflfflmm-mmfflmmnm·

478 747 678 815 Circa
720 747 1084 816 dimidium
1148 745 1541 814 decembris
1610 746 1776 813 1480
1838 766 2080 813 omnes
2137 744 2326 835 judei
2393 766 2482 811 ex
2540 743 2848 813 dominio
2908 743 3182 822 ducalli,
3231 741 3476 831 quibus
3534 744 3726 809 facta
3783 743 4013 810 fuerat

303 854 673 941 descriptio
720 854 1083 934 bonorum,
1128 867 1205 921 ut
1249 854 1559 941 superius
1605 865 1708 920 est
1753 865 2103 919 narratum
2149 865 2219 918 et
2264 851 2666 938 detemptio,
2700 871 2785 917 ac
2819 850 3092 937 accepti
3123 848 3278 916 libri
3313 848 3692 915 bancorum
3737 869 4014 916 suorum

303 959 394 1027 ob
450 960 541 1028 eis
580 961 916 1049 imputata
958 973 1034 1029 ut
1077 982 1306 1048 supra,
1353 961 1635 1027 tandem
1679 959 2067 1027 concordes
2110 969 2582 1025 remanserunt
2627 978 2786 1026 cum
2832 970 3010 1024 statu
3037 956 3422 1025 Mediolani
3464 956 3538 1023 in
3585 956 3852 1024 ducatis
3895 975 4018 1023 sex

300 1067 514 1147 mille,
558 1066 805 1155 quibus
847 1066 1308 1135 mediantibus
1355 1066 1625 1134 liberati
1670 1078 1849 1134 sunt.
2440 1121 2445 1132 .

228 1172 262 1239 5
488 1174 623 1241 Pro
670 1173 1148 1246 controversia
1192 1175 1525 1242 existente
1581 1174 1761 1241 inter
1814 1173 2164 1241 dominum
2211 1173 2580 1240 Obiectum
2626 1163 2716 1239 de
2778 1173 3011 1241 Flisco
3075 1186 3144 1240 et
3206 1172 3556 1240 dominum
3617 1169 4020 1238 Batistinum

300 1283 389 1347 de
443 1282 1022 1371 Campofrugosio
1069 1281 1320 1349 ducem
1368 1281 1608 1369 Janue,
1655 1281 1920 1348 factum
1983 1281 2116 1347 fuit
2173 1280 2354 1346 intra
2414 1280 2762 1347 civitatem
2822 1280 3001 1346 inter
3044 1291 3276 1366 partes
3320 1277 3690 1344 maximum
3739 1277 4019 1358 bellum,

298 1388 373 1453 in
416 1408 556 1476 quo
603 1388 770 1455 binc
816 1391 981 1457 inde
1028 1389 1222 1456 multi
1268 1389 1591 1455 cecidere
1640 1401 1709 1455 et
1754 1389 1987 1475 plures
2034 1409 2121 1454 ex
2169 1387 2434 1454 ducalis
2479 1398 2692 1454 status
2734 1385 3118 1454 Mediolani
3162 1384 3647 1473 provisionatis
3689 1385 3907 1450 missis
3949 1384 4022 1450 in

301 1515 699 1563 succursum
763 1497 1023 1563 domini
1070 1496 1369 1575 Obiecti‚
1418 1508 1664 1562 contra
1708 1515 1881 1583 quos
1929 1514 2163 1563 comes
2220 1494 2567 1561 Marsilius
2626 1494 2949 1560 Torellus
3007 1493 3409 1581 parmensis,
3469 1504 3804 1582 cognatus
3848 1491 4018 1558 dicti

304 1602 501 1669 ducis
544 1603 794 1691 janue,
839 1602 1124 1669 viriliter
1167 1602 1499 1691 pugnavit
1545 1615 1617 1669 et
1659 1601 1882 1669 victor
1929 1601 2080 1668 fuit.
2170 1598 2501 1668 Attamen
2547 1600 2721 1666 duos
2765 1581 3141 1689 armigeros
3187 1621 3276 1666 ex
3319 1599 3455 1666 suis
3516 1598 3893 1666 carioribus
3948 1597 4023 1663 in

193 1711 259 1774 10
297 1729 533 1796 pugna
574 1710 972 1777 vulneratos
1016 1709 1363 1777 ammissit.
1455 1710 1547 1776 Et
1590 1708 1728 1774 hoc
1773 1708 1905 1774 fuit
1950 1722 2264 1795 tempore
2307 1706 2622 1795 proxime
2671 1706 2883 1775 dicto.

476 1815 643 1895 Quo
691 1815 898 1883 etiam
943 1830 1253 1904 tempore
1314 1817 1527 1883 Bassa
1587 1816 1987 1902 capitaneus
2045 1815 2332 1894 Turchi‚
2378 1814 2497 1903 qui
2545 1825 2693 1881 erat
2734 1814 2809 1879 in
2850 1812 3153 1901 Apullea
3193 1814 3268 1880 in
3311 1814 3670 1882 Idrontina
3722 1813 4021 1893 civitate,

300 1920 561 1988 ibidem
607 1923 891 1991 dimisso
935 1945 1059 1990 suo
1107 1923 1434 2002 exercitu,
1480 1920 1979 1990 transfretavit'
2012 1921 2103 1987 ad
2133 1922 2493 1988 Turchum
2525 1933 2595 1988 et
2623 1933 2699 1987 ut
2729 1921 3052 2002 creditur,
3082 1942 3210 2009 pro
3237 1941 3415 2010 pace
3449 1941 3602 1988 com
3635 1941 3804 2010 rege
3849 1921 4020 1989 Fer-

300 2028 607 2095 dinando
655 2032 1041 2099 tractanda.
1135 2027 1298 2107 Que
1345 2042 1656 2116 speratur
1703 2028 2103 2109 succedere,
2138 2028 2464 2116 quoniam
2510 2050 2634 2094 rex
2678 2027 2863 2094 idem
2909 2047 3277 2116 nomquam
3320 2027 3537 2095 voluit
3584 2039 3811 2094 castra
3853 2026 4017 2093 Flo·

299 2134 585 2202 rentinis
630 2136 990 2203 restituere
1038 2156 1220 2203 anno
1271 2155 1470 2203 curso
1517 2135 1588 2201 in
1637 2155 1807 2225 agro
1852 2135 2256 2203 Florentino
2304 2146 2697 2223 expugnata
2743 2146 2813 2201 et
2856 2133 3020 2222 quia
3062 2155 3187 2201 rex
3230 2134 3541 2224 Ungarie
3587 2153 3805 2223 gener
3852 2133 4021 2200 dicti

194 2240 259 2305 15
301 2241 485 2329 regis
530 2240 716 2309 hanc
762 2263 1010 2329 pacem
1056 2254 1308 2309 tractat
1353 2254 1424 2309 et
1467 2242 1721 2308 dicitur
1768 2242 1957 2329 quod
2002 2263 2127 2308 rex
2171 2241 2652 2309 Ferdinandus
2696 2261 2771 2306 se
2816 2240 3104 2338 Tmcbo
3150 2241 3322 2308 facit
3364 2240 3812 2308 tributarium.

480 2348 762 2436 Scripte
807 2361 965 2417 sunt
1009 2349 1235 2417 littere
1286 2347 1374 2415 ab
1420 2347 1847 2415 Alexandria
1905 2347 2187 2414 domino
2246 2347 2570 2434 potestati
2624 2347 2873 2414 Parme
2925 2333 3054 2434 per
3114 2347 3456 2435 quendam
3520 2345 3664 2414 eius
3725 2345 4021 2414 attinen-

301 2467 461 2533 tem,
509 2455 702 2542 quod
748 2455 888 2523 vite
933 2479 1052 2523 sue
1101 2456 1424 2545 dilligens
1472 2467 1699 2523 custos
1745 2454 2009 2534 existat,
2058 2454 2385 2542 quoniam
2432 2453 2722 2520 relatum
2769 2465 2872 2520 est
2918 2454 3192 2521 cuidam
3238 2453 3507 2520 mulieri
3549 2449 4021 2520 Alexandriae

300 2582 429 2646 per
473 2562 847 2642 Folletum‚
894 2564 1084 2650 quod
1130 2562 1340 2629 debet
1383 2563 1494 2630 vel
1526 2561 1877 2640 venenati,
1907 2561 2023 2628 vel
2050 2559 2344 2627 interfici
2375 2559 2466 2626 ab
2496 2579 2635 2627 uno
2666 2560 2869 2627 trium
2898 2561 3345 2649 squadrarum
3392 2560 3664 2635 Parme,
3696 2553 3798 2628 ob'
3831 2558 4021 2647 justi-

302 2667 463 2733 tiam
511 2667 726 2755 ipsius
770 2670 1033 2735 domini
1076 2669 1468 2757 potestatis;
1519 2667 1610 2736 ob
1657 2668 1845 2756 quod
1889 2668 2077 2735 idem
2122 2679 2427 2754 potestas
2472 2667 2748 2734 timidus
2794 2667 3034 2735 leviter
3078 2668 3153 2734 in
3195 2667 3509 2735 omnibus
3554 2666 3814 2734 transit.

188 2775 265 2838 20
480 2774 726 2863 Usque
756 2776 832 2841 in
862 2775 1204 2863 principio
1236 2776 1434 2842 huius
1465 2775 1718 2841 mensis
1762 2773 2155 2842 decembris
2199 2796 2516 2841 reversus
2562 2787 2665 2840 est
2708 2773 3029 2840 Parmam
3074 2774 3277 2839 fillius
3304 2773 3548 2863 Matey
3577 2773 3872 2853 Pitochi‚
3905 2772 4025 2861 qui

304 2879 758 2949 interfecerat
802 2902 987 2949 anno
1036 2903 1237 2949 curso
1282 2882 1420 2949 hoc
1467 2894 1780 2968 tempore
1825 2880 2268 2947 Leonardum
2317 2881 2406 2947 de
2453 2879 2761 2961 Blondis,
2807 2893 3054 2947 contra
3096 2901 3300 2969 quem
3346 2880 3536 2947 nulla
3564 2880 3704 2947 lata
3735 2894 3838 2947 est
3868 2899 4024 2947 sen-

305 2988 542 3054 tentia.
637 2988 731 3054 Et
763 2987 939 3055 dixit
968 3010 1043 3055 se
1076 2987 1246 3055 dicti
1276 2987 1635 3078 homicidii
1668 2987 2101 3074 insomptem‚
2139 2985 2304 3052 licet
2335 2986 2689 3075 aufugerit
2718 2999 2789 3053 et
2817 3008 2982 3053 vere
3026 2986 3146 3054 ille
3190 2987 3419 3054 fuerit.
3510 2985 3802 3054 Publice
3835 2986 4028 3053 vadit

307 3113 429 3179 per
475 3093 831 3161 civitatem
878 3107 948 3161 et
995 3094 1216 3162 libere
1261 3093 1522 3182 absque
1562 3093 1822 3181 justitie
1867 3105 2078 3161 metu.

478 3200 612 3266 Ille
649 3200 862 3267 etiam
893 3200 1267 3280 barberius,
1301 3202 1421 3289 qui
1453 3200 1680 3288 pridie
1713 3222 1757 3267 a
1786 3199 2053 3267 duobus
2084 3199 2436 3267 mensibus
2483 3200 2656 3266 citra
2700 3200 3062 3269 occiderat
3089 3202 3529 3290 Zapetrum
3561 3200 4028 3269 Cartinazium

199 3304 268 3370 25
309 3307 731 3374 homicidam
776 3308 1022 3396 Jacobi
1084 3308 1173 3374 de
1234 3308 1456 3387 Colla,
1517 3308 1728 3399 redijt
1770 3306 2118 3386 liberatus,
2165 3307 2328 3395 quia
2372 3307 2630 3376 dicitur
2686 3308 2982 3375 inmunis
3026 3330 3071 3375 a
3110 3327 3313 3397 pena,
3377 3328 3535 3376 cum
3594 3308 4023 3376 homicidam

290 3412 728 3480 'interemerit
773 3427 842 3481 et
887 3413 1267 3483 bannitum.

477 3520 713 3588 Multa
757 3522 892 3589 fuit
938 3522 1281 3591 discensio
1308 3522 1465 3590 -hoc
1514 3543 1697 3590 anno
1742 3522 1816 3589 in
1860 3523 1996 3589 fine
2042 3522 2296 3590 mensis
2343 3520 2733 3590 decembris
2791 3545 2922 3611 pro
2965 3523 3199 3593 fiendo
3246 3523 3533 3593 consilio
3579 3522 3740 3591 anni
3786 3523 4021 3604 futuri,

310 3629 495 3715 quod
538 3627 827 3696 finiebat
868 3629 943 3695 in
989 3629 1326 3697 callendis
1370 3630 1664 3721 januarii
1716 3630 1878 3697 anni
1930 3630 2120 3697 1481.
2212 3629 2535 3696 Tandem
2581 3629 2896 3697 omnibus
2924 3630 3237 3720 squadris
3268 3630 3868 3711 contendentibus,
3898 3652 4030 3718 per

311 3734 834 3802 illustrissimum
866 3737 1226 3803 dominum
1260 3750 1566 3803 nostrum
1599 3738 1988 3804 ordinatum
2034 3737 2193 3815 fuit,
2241 3736 2431 3824 quod
2476 3736 2565 3804 de
2614 3735 2891 3817 busulis,
2938 3738 3009 3803 in
3054 3737 3299 3826 quibus
3329 3751 3588 3806 restant
3634 3739 3770 3805 due
3818 3749 4026 3817 mute,

72 3928 79 3935 ο
203 3842 279 3906 30
320 3843 772 3909 extrahantur
814 3843 1185 3910 duodecim
1229 3844 1520 3921 antiani;
1570 3856 1639 3911 et
1684 3844 1786 3911 sic
1834 3844 2098 3927 factum
2146 3855 2268 3923 est,
2316 3844 2561 3911 dicens
2603 3844 2952 3932 princeps,
2986 3846 3172 3933 quod
3201 3846 3336 3913 hac
3365 3858 3552 3912 muta
3582 3847 3874 3913 durante
3906 3842 4030 3911 fiet

313 3949 621 4034 provisio
666 3949 834 4015 novi
879 3950 1174 4040 consilij.
1268 3951 1450 4018 Nam
1496 3950 1707 4039 aliqui
1753 3949 2086 4017 volebant
2148 3949 2510 4016 consilium
2571 3950 2797 4017 finisse
2860 3952 2996 4018 hoc
3049 3971 3261 4031 anno;
3311 3964 3380 4019 et
3425 3952 3638 4041 aliqui
3696 3950 4028 4019 volebant

314 4056 566 4122 durare
613 4077 745 4143 per
788 4057 1097 4124 sedecim
1140 4079 1430 4137 menses,
1476 4071 1683 4145 prout
1728 4057 1898 4124 alias
1942 4057 2331 4123 ordinatum
2379 4068 2514 4135 est3
2564 4069 2634 4124 et
2679 4056 2985 4145 quelibet
3012 4059 3308 4145 partium
3356 4058 3839 4126 altercabatur.
3931 4058 4028 4125 Et

312 4160 471 4227 dum
520 4162 713 4228 foret
756 4162 1119 4229 consilium
1163 4176 1660 4253 congregatum
1704 4183 1834 4250 pro
1882 4152 2130 4229 dandis
2173 4162 2414 4250 officijs
2458 4163 2838 4230 communis
2881 4184 3074 4232 more
3120 4165 3371 4246 sollito,
3415 4165 3489 4231 in
3536 4186 3622 4233 eo
3650 4164 4034 4232 intervenit

313 4267 927 4336 reverendissimus
972 4270 1289 4336 dominus
1331 4269 1722 4336 Parmensis
1754 4270 2141 4356 episcopus,
2191 4269 2551 4356 levataque
2596 4282 2751 4336 sunt
2795 4270 3332 4360 vigintiquatuor
3377 4272 3585 4340 offitia
3629 4270 4030 4352 communis,

208 4370 277 4436 35
316 4395 447 4461 que
494 4395 626 4461 per
672 4375 1162 4443 comunitatem
1208 4376 1673 4456 solvebantur,
1719 4392 1808 4449 ne
1855 4376 2235 4444 comunitas
2278 4377 2663 4445 frustretur.

490 4478 659 4558 Qua
705 4481 819 4549 die
863 4482 938 4548 in
979 4482 1265 4570 publico
1312 4483 1599 4550 consilio
1647 4483 1962 4551 dominus
2021 4482 2268 4549 Petrus
2326 4483 2612 4551 Trottus
2671 4482 3186 4553 Alexandrinus
3232 4486 3734 4554 commissarius
3776 4487 4028 4554 Parme

320 4586 478 4655 loco
525 4588 790 4655 domini
831 4587 1117 4677 Antonij
1166 4590 1394 4657 Trotti
1441 4590 1791 4657 licentiam
1833 4612 1877 4657 a
1920 4589 2207 4678 popullo
2255 4590 2564 4677 suscepit
2574 4616 2594 4669 ς
2627 4591 2700 4657 in
2733 4592 2928 4660 cuius
2973 4593 3202 4660 locum
3247 4592 3460 4662 habet
3488 4595 3870 4662 succedere
3884 4594 4031 4662 .do·

314 4695 543 4761 minus
586 4694 910 4763 Andreas
952 4696 1293 4785 Cagnolla
1332 4696 1891 4765 Mediolanensis.

495 4801 726 4869 Multa
769 4802 1142 4870 homicidia
1184 4804 1323 4871 hoc
1370 4825 1553 4871 anno
1598 4815 1756 4872 sunt
1799 4805 1993 4871 facta
2035 4803 2109 4870 in
2155 4803 2410 4872 Parma
2457 4816 2528 4872 et
2571 4804 2927 4873 Parmensi
2973 4808 3066 4876 ad
3110 4827 3477 4877 numerum
3506 4808 3755 4900 viginti
3799 4831 4030 4890 unum,

217 4908 286 4973 40
323 4929 620 4997 quorum
662 4910 740 4975 in
785 4910 1068 4978 civ-itate
1115 4912 1396 4979 fuerunt
1440 4931 1710 4980 novem.

499 5017 663 5083 Hoc
709 5018 912 5083 etiam
957 5038 1143 5086 anno
1187 5018 1402 5086 valuit
1446 5018 1725 5086 starium
1772 5019 2098 5087 furmenti
2142 5019 2357 5087 soldis
2389 5021 2934 5108 quatuordecim,
2966 5044 3184 5113 usque
3226 5023 3304 5091 in
3346 5024 3770 5115 quindecim.
3860 5025 4027 5095 Fuit

320 5123 540 5190 maior
587 5122 1012 5190 abundantia
1054 5124 1197 5191 vini
1243 5145 1448 5213 quam
1493 5125 1641 5191 visa
1682 5124 1893 5192 fuerit
1933 5125 2073 5213 jam
2119 5126 2319 5193 annis
2364 5126 2615 5215 viginti
2663 5139 2733 5195 et
2775 5128 2848 5195 in
2892 5129 3125 5197 multis
3171 5131 3346 5199 locis
3373 5130 3728 5200 vindemia
3759 5132 4031 5203 duravit

322 5250 535 5317 usque
583 5229 676 5296 ad
718 5242 1030 5297 sanctum
1072 5230 1472 5299 Martinum.
1563 5230 1724 5299 Fuit
1769 5231 2197 5299 abondantia
2242 5253 2575 5321 aquarum
2619 5234 2769 5300 sine
2815 5234 2976 5302 nive
3024 5248 3096 5304 et
3138 5237 3354 5329 glatie
3402 5237 3670 5328 achine
3717 5240 4000 5330 frigore.

497 5335 584 5401 In
629 5334 744 5402 die
790 5335 1109 5411 Natallis
1131 5336 1412 5403 Domini
1458 5337 1621 5403 anni
1665 5337 2004 5425 presentis
2050 5360 2208 5406 cum
2251 5338 2467 5405 multa
2509 5339 2732 5426 prelia
2775 5341 2968 5408 facta
3009 5341 3301 5412 fuissent
3341 5344 3416 5411 in
3463 5346 3750 5414 civitate
3811 5346 4033 5435 Janue

222 5438 289 5504 45
328 5442 507 5510 inter
553 5442 929 5531 Frugosios
974 5454 1045 5510 et
1091 5444 1442 5511 Gattiscos
1489 5445 1614 5513 sub
1659 5445 1823 5511 ficto
1871 5444 2129 5511 collore
2175 5444 2393 5531 pacis,
2426 5445 2604 5512 datis
2625 5445 2798 5517 hinc
2827 5446 2990 5514 inde
3036 5448 3410 5533 obsidibus,
3445 5452 3608 5523 dum
3640 5453 3781 5521 dux
3813 5455 4034 5522 exiret

328 5549 795 5630 Castelletum,
839 5563 918 5619 ut
961 5551 1231 5619 veniret
1272 5552 1347 5618 in
1394 5552 1550 5619 loco
1598 5563 1669 5619 et
1713 5553 1886 5620 hora
1929 5553 2198 5620 statutis
2256 5572 2384 5639 pro
2437 5572 2615 5639 pace
2684 5553 3186 5637 concludenda,
3232 5559 3535 5627 sentiens
3594 5561 4033 5629 adversarios

328 5677 464 5724 non
491 5657 767 5725 venisse
797 5658 892 5725 ad
922 5657 1152 5726 locum
1182 5669 1527 5738 statutum,
1561 5661 1812 5727 armari
1857 5659 2034 5726 fecit
2076 5671 2321 5748 gentes
2364 5680 2542 5739 suas,
2575 5671 2648 5726 ut
2692 5682 2736 5727 a
2782 5659 3155 5730 Castelleto
3202 5666 3470 5735 veniret
3512 5669 3607 5735 ad
3650 5668 4046 5756 pallatium.'

333 5761 469 5842 Qui
515 5785 674 5832 cum
721 5766 1206 5847 descenderet,
1251 5764 1344 5833 ab
1387 5765 1684 5834 inimicis
1726 5766 2018 5835 vallatus
2063 5777 2134 5834 et
2174 5766 2249 5831 in
2293 5766 2525 5834 medio
2555 5766 2738 5836 intra
2765 5767 3154 5856 pallatium'
3187 5783 3260 5840 et
3287 5772 3733 5843 Castelletum
3761 5777 4030 5863 positus

504 6021 585 6077 18.
620 6017 925 6088 venenari]
963 6022 1163 6074 venari
1196 6020 1312 6074 cod.
1352 6048 1419 6061 —
1457 6031 1542 6090 47.
1580 6019 1882 6089 statutum]
1920 6022 2130 6073 statum
2164 6018 2281 6072 cod.

4161 773 4203 806 C.
4234 771 4358 815 95?

4169 1940 4326 1991 uun..
4353 1940 4441 1983 360

4176 3554 4220 3590 C.
4247 3551 4312 3595 05
4342 3553 4376 3585 v

4182 5794 4343 5849 uum,
4371 5797 4450 5841 ³⁶1
