4895 7066
0 514 39 550 ²·
384 540 452 599 a
485 542 643 597 1⁴⁸⁰
682 544 937 613 marzo]
1517 536 1633 610 IN
1686 534 2202 608 PARTIBUS
2256 533 2892 608 LOMBARDIE
3958 529 4058 612 67

2370 683 2435 693 uun-
3990 683 4079 694 ..n-

0 875 59 919 ‘a'
0 763 85 810 {J

535 793 1029 863 Sanctissimus
1090 795 1416 864 dominus
1476 807 1714 865 noster
1771 816 1958 883 papa
2018 795 2252 887 Sixtus
2314 796 2406 864 ob
2469 794 2845 864 novitatem
2904 794 3140 885 magni
3198 794 3470 863 Turchi
3527 795 3791 863 factam
3834 806 4080 864 contra

374 903 656 981 Rodum,
701 900 778 968 in
824 922 968 990 quo
1018 902 1287 971 dictum
1332 903 1468 969 fuit
1511 901 1770 970 habere
1817 902 2286 990 proditionem
2335 913 2407 970 et
2452 902 2846 990 proditores
2890 900 3342 970 obtruncatos
3385 901 3624 981 fuisse,
3656 921 3871 989 seque
3920 921 4076 968 com
4173 940 4180 951 ν

371 1009 547 1077 omni
586 1029 712 1076 suo
759 1010 1078 1077 exercitu
1122 1010 1212 1078 ab
1259 1008 1628 1077 obsidione
1691 1008 2001 1077 civitatis
2060 1009 2348 1089 levasse,
2412 1008 2763 1076 concessit
2823 1007 3048 1075 bullas
3108 1008 3235 1075 toti
3278 1008 3510 1075 ordini
3570 1008 4078 1076 cruciferorum

356 1115 1074 1203 jerosolimitanorum
1134 1116 1207 1182 in
1268 1126 1413 1184 tota
1464 1115 1996 1195 christianitate,
2060 1116 2249 1204 quod
2309 1114 2856 1203 quibuscomque
2903 1115 3322 1182 christicolis
3381 1134 3541 1181 vere
3602 1114 4077 1202 penitentibus

270 1220 306 1287 5
350 1235 424 1289 et
461 1223 816 1289 confessis
853 1222 1293 1290 visitantibus
1350 1222 1566 1289 semel
1627 1232 1888 1289 tantum
1936 1222 2305 1289 ecclesiam
2353 1221 2542 1289 beati
2593 1222 2929 1310 Johannis
2978 1220 3522 1309 jerosolimitani
3565 1219 3930 1288 cuiuslibet
3973 1222 4078 1289 ci·-

345 1329 584 1395 vitatis
631 1340 707 1395 et
755 1330 1224 1417 quidcumque
1256 1328 1543 1397 arbitrio
1577 1329 1887 1397 euntium
1931 1328 2424 1396 offerrentibus
2469 1328 2544 1393 in
2588 1328 2850 1396 auxilio
2896 1327 3362 1415 expeditionis
3407 1339 3650 1395 contra
3693 1327 4075 1407 Theucros,

339 1436 765 1525 indulgebat
811 1436 1280 1504 remissionem
1325 1435 1708 1524 plenariam
1755 1447 2203 1522 peccatorum
2248 1456 2546 1514 suorum,
2592 1434 2827 1502 dando
2874 1434 3218 1521 deputatis
3271 1456 3481 1520 super
3523 1433 3693 1503 inde
3739 1434 4076 1502 omnimo-

333 1542 501 1609 dam
533 1543 1030 1611 auctoritatem
1063 1542 1533 1621 absolutionis,
1565 1542 2093 1630 permutationis
2122 1553 2459 1621 votorum,
2493 1542 2685 1609 salvo
2717 1563 2921 1629 quam
2951 1541 3374 1607 visitationis
3404 1540 3844 1608 basilicarum
3877 1541 4074 1609 Petri

335 1661 413 1717 et
455 1650 720 1729 Paulli,
765 1650 1216 1717 ultramarino
1260 1649 1631 1737 Sepulchri
1675 1650 1975 1729 Domini,
2024 1648 2268 1717 Sancti
2314 1647 2560 1736 Jacobi
2609 1649 2696 1715 de
2744 1648 3057 1727 Gallitia,
3105 1648 3457 1727 castitatis,
3505 1647 3854 1737 ingressus
3913 1649 4076 1715 reli-

211 1758 287 1822 10
333 1755 606 1845 gionis,
656 1755 1107 1823 absolutionis
1151 1780 1195 1823 a
1237 1756 1614 1823 simoniaca
1660 1755 1815 1823 labe
1861 1776 2317 1845 qnacomque.
2411 1755 2572 1833 Que
2618 1755 3052 1851 indulgentia
3096 1753 3390 1822 durabat
3431 1775 3475 1820 a
3521 1755 3636 1822 die
3681 1754 4074 1822 Palmarum

329 1864 509 1930 anni
564 1864 742 1930 1480
786 1885 1003 1952 usque
1048 1885 1180 1951 per
1222 1886 1475 1931 annum
1519 1864 1865 1952 integrum
1911 1864 2165 1930 exinde
2209 1874 2628 1951 sequturum.
4023 1908 4032 1917 ·

517 1966 689 2047 Que
735 1969 925 2037 bulla
965 1992 1125 2038 xxv.
1168 1970 1439 2059 marcij,
1486 1990 1624 2057 quo
1686 1969 2078 2037 celebratur
2119 1967 2556 2038 Annuntiato
2602 1968 2806 2037 beate
2853 1968 3189 2057 Virginis,
3249 1980 3526 2057 portata
3585 1969 3722 2037 fuit
3779 1988 3910 2058 per
3962 1992 4075 2037 re-

324 2078 734 2144 verendum
784 2078 1135 2147 dominum
1181 2078 1587 2164 episcopum
1630 2076 2077 2144 Parmensem
2124 2095 2280 2142 com
2313 2075 2506 2144 clero
2538 2089 2608 2144 et
2641 2096 2794 2144 com
2839 2076 3306 2163 processione,
3351 2089 3498 2144 toto
3528 2076 3791 2164 populo
3822 2088 3895 2146 et
3924 2076 4069 2143 offi-

326 2183 646 2252 cialibus
691 2184 1110 2262 associante,
1140 2184 1217 2249 in
1247 2182 1497 2270 Capite
1536 2182 1783 2250 Pontis
1816 2183 1908 2249 ad
1940 2181 2309 2250 ecclesiam
2339 2181 2584 2251 Sancti
2615 2181 2969 2271 Johannis,
3003 2181 3239 2272 ibique
3267 2204 3474 2269 super
3507 2183 3707 2250 altari
3735 2183 4066 2271 reposita,

192 2287 270 2355 15
323 2290 459 2358 ubi
505 2290 821 2357 ordinati
864 2301 1025 2358 sunt
1068 2290 1263 2356 multi
1306 2289 1616 2380 religiosi
1661 2289 2100 2356 confessores
2148 2301 2218 2356 et
2262 2290 2357 2357 ad
2401 2310 2608 2377 quam
2652 2289 2989 2355 maximus
3033 2287 3308 2356 habitus
3353 2300 3459 2356 est
3501 2309 3839 2358 recursus.

517 2397 693 2464 Post
736 2397 1235 2485 relegationem
1281 2397 1540 2464 factam
1586 2396 1871 2462 Ferarie
1931 2396 2022 2462 de
2083 2396 2666 2464 reverendissimo
2731 2395 3010 2463 domino
3056 2394 3384 2476 Ascanio,
3430 2395 3874 2463 illustrissimi
3934 2396 4059 2463 do-

321 2504 513 2569 mini
561 2503 783 2570 nostri
843 2504 1329 2592 relegaverunt
1387 2502 1610 2570 Leoni
1667 2504 1851 2570 ultra
1896 2513 2165 2570 montes
2229 2523 2351 2568 sex
2410 2502 2604 2569 cives
2646 2502 3055 2581 Mediolani,
3102 2502 3332 2570 silicet
3383 2516 3524 2569 tres
3581 2502 3951 2593 gibellinos
3995 2516 4067 2571 et

324 2622 485 2678 tres
532 2611 831 2699 guelfos,
878 2631 967 2676 ne
1014 2611 1336 2676 tumultus
1381 2610 1674 2677 oriretur
1719 2610 1791 2674 in
1838 2610 2102 2697 populo
2148 2607 2239 2675 ob
2271 2609 2518 2676 horum
2550 2608 2997 2685 ambitiones;
3048 2619 3117 2676 et
3147 2610 3393 2675 mirum
3425 2609 3579 2688 fuit,
3627 2609 3820 2698 quod
3849 2610 3921 2675 in
3952 2611 4062 2677 his

319 2717 883 2805 relegationibus
928 2728 999 2783 et
1043 2717 1119 2781 in
1162 2715 1673 2804 portationibus
1720 2735 2064 2782 armorum
2109 2716 2317 2783 factis
2363 2737 2406 2781 a
2450 2727 2599 2783 toto
2644 2716 2903 2803 populo
2948 2715 3020 2782 in
3068 2727 3319 2794 castro,
3367 2717 3558 2805 quod
3603 2717 3861 2783 nullum
3905 2735 4061 2785 suc-

171 2827 265 2889 20
317 2826 629 2891 cesserit
690 2825 1118 2891 scandalum.
1208 2824 1391 2890 Nam
1453 2845 1695 2890 omnes
1757 2825 1955 2890 fuere
2018 2822 2452 2890 obedientes.
2541 2823 2949 2911 jussumque
3017 2823 3151 2889 fuit
3218 2822 3547 2889 Messalie
3600 2835 3672 2891 et
3738 2824 4056 2892 omnibus

323 2931 703 2999 armarolis
747 2930 1156 3010 Mediolani,
1201 2932 1326 2999 sub
1370 2950 1556 3018 pena
1600 2928 2026 3009 rebellionis,
2075 2928 2264 3017 quod
2309 2930 2482 2996 nulli
2528 2951 2720 2996 arma
2763 2931 3148 2996 venderent
3190 2930 3339 2997 sine
3385 2929 3669 2998 licentia
3714 2931 3994 3000 ducalli.

512 3038 654 3103 Die
700 3037 1040 3127 vigesimo
1088 3038 1311 3128 martij
1382 3037 1552 3103 1480
1614 3036 1807 3103 facta
1864 3034 1999 3102 fuit
2056 3057 2309 3125 magna
2371 3035 2734 3102 credentia
2793 3035 3371 3123 quammultorum
3431 3036 3688 3102 civium
3749 3039 4055 3104 omnium

320 3145 796 3231 squadrarum
830 3143 1082 3210 Parme
1115 3164 1347 3210 coram
1390 3143 1971 3210 reverendissimo
2019 3143 2301 3209 domino
2333 3143 2666 3229 episcopo
2695 3141 3053 3208 Parmensi
3086 3154 3156 3209 et
3185 3142 3341 3232 alijs
3368 3141 3772 3210 officialibus
3801 3143 3873 3209 in
3903 3144 4055 3230 pal-

322 3251 500 3318 latio
535 3250 946 3338 episcopali,
975 3249 1097 3317 ubi
1130 3250 1308 3318 lecte
1332 3261 1491 3317 sunt
1515 3249 1798 3317 ducales
1832 3249 2056 3316 littere
2087 3249 2537 3336 infrascripte
2569 3266 2700 3335 pro
2730 3270 2906 3337 pace
2931 3251 3140 3317 totius
3170 3249 3368 3317 Italie
3400 3250 3593 3317 facta
3623 3262 3694 3318 et
3723 3251 4058 3319 conclusa

164 3356 264 3424 25
320 3358 666 3445 Neapoli,
714 3379 852 3446 que
897 3356 988 3424 ab
1033 3357 1353 3424 omnibus
1396 3357 1962 3445 tranquilitatem,
2018 3356 2490 3447 justitiamque
2550 3355 3034 3445 appetentibus
3095 3355 3642 3426 desiderabatur.
3737 3355 4051 3436 Quarum

319 3465 727 3532 litterarum
776 3476 880 3532 est
923 3476 1145 3544 tenor,
1190 3464 1540 3531 videlicet.
2667 3484 2672 3489 ·

523 3683 555 3718 ‘¹
580 3680 823 3746 Duces
867 3679 1253 3747 Mediolani
1301 3690 1372 3747 et
1415 3689 1670 3749 cetera.
1760 3675 2183 3747 Reve'rende
2228 3680 2303 3746 in
2348 3680 2630 3748 Christo
2673 3691 2875 3767 pater
2919 3701 3003 3748 ac
3048 3679 3478 3748 dilectissimi
3507 3681 3750 3749 nostri.

522 3790 555 3823 ⁸
581 3784 930 3853 Havendo
961 3785 1119 3854 hozi
1150 3785 1409 3853 havuto
1436 3786 1668 3854 littere
1701 3786 1843 3854 dali
1875 3788 2091 3854 nostri
2120 3786 2592 3866 ambassatori,
2623 3785 2740 3853 chi
2771 3805 2990 3853 sonno
3020 3808 3066 3854 a
3094 3785 3376 3872 Napoli‚
3407 3808 3537 3875 per
3565 3789 3633 3854 le
3666 3787 3896 3875 qualle
3930 3788 3993 3854 c'
4012 3788 4052 3854 ὲ

332 3899 369 3932 ⁸
392 3895 785 3974 notificatO,
832 3913 1037 3962 como
1080 3894 1429 3962 mediante
1472 3895 1545 3961 la
1589 3894 1824 3961 divina
1869 3895 2091 3983 gratia
2139 3894 2258 3961 alli
2302 3893 2450 3982 xiij.
2498 3893 2690 3961 zorni
2734 3893 2853 3961 del
2898 3906 3218 3981 presente
3248 3916 3437 3961 mese
3484 3895 3560 3961 fo
3609 3896 3941 3963 conclusa
3983 3896 4055 3963 la

168 4003 265 4067 :30
324 4005 361 4036 ⁸
389 4023 578 4089 pace
626 4000 1047 4068 universalle
1091 4002 1181 4068 de
1226 4011 1404 4068 tutta
1447 4000 1694 4081 Itallia‚
1742 4002 1811 4067 la
1855 4001 2018 4088 qual
2065 4001 2121 4066 si
2165 4002 2261 4067 ha
2304 4001 2397 4067 ad
2441 4000 2799 4087 publicare
2832 4000 2949 4067 alli
2996 4000 3071 4067 dl
3115 4022 3274 4068 m.
3308 4000 3426 4068 del
3469 4013 3792 4089 presente
3838 4022 4046 4070 mese.

331 4113 364 4145 ⁸
390 4109 497 4175 Ni
527 4108 570 4174 ὲ
602 4129 809 4195 parse
856 4108 1296 4174 comunicare
1329 4128 1486 4176 com
1517 4129 1654 4197 voy
1686 4120 1931 4196 questa
1976 4107 2163 4174 bona
2193 4108 2491 4187 novella,
2523 4107 2979 4174 rendendone
3013 4108 3209 4185 certi,
3244 4107 3377 4174 che
3408 4129 3498 4173 ne
3533 4106 3808 4175 debiate
3840 4131 4047 4196 pren-

332 4221 367 4251 ⁸
395 4216 572 4282 dere
619 4237 782 4302 vuy,
830 4236 870 4280 e
914 4213 1072 4281 tutti
1117 4214 1319 4301 quilli
1365 4213 1575 4281 nostri
1625 4214 1909 4282 citadini
1942 4225 2012 4281 et
2042 4213 2341 4281 subdicti
2372 4215 2653 4301 piacere
2701 4225 2772 4280 et
2818 4213 3315 4282 consolatione.
3404 4214 3496 4280 Et
3526 4235 3655 4302 per
3698 4215 4047 4282 renderne

332 4325 366 4358 ⁸
391 4320 645 4389 debite
691 4321 911 4409 gratie
958 4319 1026 4387 al
1073 4332 1306 4387 nostro
1354 4320 1653 4411 Signore
1699 4321 1855 4401 Dio,
1902 4322 2018 4388 dal
2063 4319 2266 4408 quale
2312 4320 2713 4408 procedone
2758 4332 2930 4387 tutte
2977 4321 3043 4386 le
3092 4340 3288 4387 cosse
3333 4318 3542 4401 bone,
3588 4319 3867 4411 volimo‚
3915 4322 4046 4389 che

332 4433 365 4465 ⁸
390 4449 439 4493 a
487 4428 564 4494 di
606 4449 765 4494 xxv.
815 4427 931 4494 del
973 4438 1297 4513 presente
1342 4427 1413 4493 la
1456 4429 1718 4495 faciate
1781 4426 2139 4514 publicare
2203 4427 2731 4495 solemnimente
2775 4428 2851 4492 in
2897 4426 3132 4514 quella
3184 4437 3419 4492 nostra
3479 4426 3618 4494 cita
3678 4439 3750 4495 et
3807 4428 4047 4496 saciati

172 4535 269 4602 35
336 4538 369 4572 ⁸
393 4536 557 4600 fare
602 4534 1047 4620 processione
1094 4544 1165 4600 et
1209 4533 1460 4600 fallodi
1507 4553 1642 4601 con
1690 4535 1867 4601 feste
1914 4534 1989 4601 di
2037 4554 2256 4602 sonno
2301 4533 2377 4600 di
2426 4553 2760 4620 campane
2794 4544 2985 4600 tanto
3028 4533 3101 4598 in
3135 4533 3200 4600 la
3230 4532 3390 4613 cita,
3421 4553 3624 4600 como
3651 4534 3729 4600 in
3761 4533 3826 4603 le
3857 4548 4037 4603 terre

334 4647 367 4680 ⁸
394 4655 471 4709 et
518 4641 663 4708 loci
709 4640 1078 4729 principali
1122 4640 1243 4709 del
1290 4641 1622 4708 dian-ecto
1666 4663 1797 4729 per
1840 4643 1928 4709 tri
1961 4641 2033 4709 di
2063 4640 2394 4720 continui,
2441 4640 2927 4709 cominciando
2960 4639 3363 4708 l'antedicto
3391 4663 3558 4708 xxv.
3604 4641 3680 4708 dl
3727 4642 3843 4710 del
3887 4665 4046 4730 pre-

328 4751 362 4784 ⁸
394 4761 627 4815 sente.

521 4859 553 4894 ⁸
580 4856 835 4922 Datum
877 4853 1264 4922 Mediolani
1305 4853 1493 4943 xviij.
1540 4856 1782 4948 marcij
1839 4857 2028 4924 1480.

434 4995 471 5033 υ
1915 4966 1947 5001 ‘⁶
1970 4961 2050 5032 B.
2102 4962 2494 5032 Calcumns.

520 5073 557 5107 ⁸
580 5069 1004 5136 Reverendo
1049 5070 1123 5135 in
1171 5066 1448 5137 Christo
1494 5070 1674 5158 patri
1720 5070 2005 5138 domino
2052 5070 2520 5161 Sa[gramoro]
2568 5072 2895 5159 episcopo
2941 5070 3323 5151 Parmensi,
3379 5091 3513 5138 nec
3572 5091 3712 5138 non
3774 5084 4048 5159 specta-

180 5180 273 5244 40
332 5181 366 5214 ⁸
393 5176 528 5243 bili
591 5175 787 5242 militi
832 5176 1114 5244 domino
1158 5174 1470 5244 Antonio
1515 5178 1762 5245 Trotto
1810 5177 2228 5258 consiliario,
2259 5198 2605 5245 armorum
2654 5178 2928 5246 ductori
2976 5190 3045 5244 et
3090 5178 3339 5245 Parme
3371 5178 3840 5268 gubernatori.
3931 5178 4046 5246 Ac

333 5287 367 5319 ⁸
391 5281 751 5350 nobilibus
793 5284 957 5350 viris
999 5283 1356 5363 Potestati,
1401 5283 1943 5351 Refferendario
1991 5298 2061 5353 et
2103 5283 2423 5352 Antianis
2466 5284 2720 5352 nostris
2762 5285 3022 5353 ibidem
3051 5333 3113 5368 ,μ

507 5477 703 5555 Quia
745 5478 1204 5546 decimonono
1249 5478 1516 5569 maa-cij,
1551 5501 1689 5568 qua
1719 5479 1832 5547 die
1868 5480 2290 5548 celebratum
2322 5482 2457 5548 fuit
2487 5484 2741 5549 festum
2773 5481 3016 5550 Sancti
3046 5482 3317 5563 Lazari,
3361 5481 3485 5549 ubi
3529 5493 3710 5551 totus
3740 5482 4038 5570 populus

329 5584 726 5652 confluebat
768 5604 962 5651 more
1008 5600 1363 5664 consueto,
1410 5585 1610 5653 multi
1659 5587 1941 5674 capistri
1987 5610 2072 5656 ex
2116 5588 2289 5656 alias
2333 5589 2655 5669 bannitis,
2705 5608 2860 5656 com
2920 5590 3125 5656 armis
3172 5600 3243 5656 et
3286 5589 3631 5656 corazinis
3673 5590 3767 5656 ad
3811 5589 4040 5676 ipsum

328 5695 582 5760 festum
623 5693 701 5758 in
747 5710 1004 5779 magno
1048 5712 1332 5759 numero
1377 5706 1834 5773 accesserant,
1865 5693 1985 5761 ubi
2019 5695 2227 5762 etiam
2261 5695 2380 5776 illi,
2413 5716 2589 5783 quos
2618 5697 2932 5782 superius
2960 5708 3257 5784 quatuor
3287 5695 3647 5783 descripsi,
3697 5697 4044 5764 occisores

0 5837 45 5905 ,ἐξ
226 5800 301 5867 45
342 5800 577 5868 militis
616 5798 988 5889 potestatis
1030 5810 1103 5866 et
1142 5799 1281 5878 ille,
1326 5798 1447 5889 qui
1487 5799 1935 5870 Leonardum
1979 5801 2325 5869 Blondum
2374 5801 2847 5883 interfecerat,
2893 5815 3230 5871 venerant
3271 5802 3536 5883 armati,
3581 5814 3659 5870 ut
3701 5802 4045 5892 guberna-

0 5963 52 6011 τί1
2943 5993 2948 6000 ·

0 5992 16 6042 ξ
68 6055 77 6096 ³
468 6079 563 6137 39.
589 6049 939 6130 calcumu‘n]
962 6067 1127 6127 sopra
1136 6068 1201 6128 p.
1218 6076 1306 6125 ιι,
1326 6064 1366 6116 l.
1390 6075 1457 6128 43
1478 6061 1855 6115 Bartollameo
1880 6059 2090 6116 Calcho
2114 6062 2422 6117 secretario
2445 6064 2675 6116 domine
2697 6062 2940 6130 ducissez
2953 6071 3019 6131 p.
3038 6064 3124 6133 96,
3147 6067 3188 6119 I.
3211 6078 3300 6133 24,
3324 6064 3734 6119 Bartollameus
3758 6064 4037 6120 culcunus
