4895 7066
243 529 338 602 [Δ.
371 531 517 586 uso
550 528 920 598 novembre]
1388 520 1502 594 IN
1555 518 2067 592 PARTIBUS
2125 520 2760 595 LOMBARDIE
3829 529 3926 602 83

2878 672 3909 688 -u-uomfflv—-m---m-m-n-um

254 785 448 871 lippus
485 783 847 850 misserunt
882 784 1064 852 duos
1096 796 1403 852 oratores
1446 784 1923 853 Mediolanum
1953 804 2084 870 pro
2116 782 2325 851 rebus
2355 783 2462 853 his
2493 786 3023 855 concordandis.
3111 788 3291 854 Nam
3320 800 3646 878 regentes
3676 801 3930 858 statum

253 889 540 957 volebant
581 890 804 977 ipsam
851 902 1037 958 stare
1079 890 1323 978 Papie,
1370 891 1692 959 habendo
1748 912 1988 958 omnes
2049 891 2194 958 eius
2255 891 2549 960 civitatis
2607 892 2914 972 intr-atas,
2976 915 3106 961 nec
3168 916 3243 961 se
3304 889 3794 965 intromitteret
3840 900 3929 967 de

245 999 542 1086 regimine
565 1009 801 1077 status,
836 998 981 1065 sive
1016 1000 1206 1086 quod
1238 997 1624 1066 Mediolani
1654 999 1725 1065 in
1758 998 1950 1065 curia
1981 999 2199 1066 veteri
2228 999 2614 1066 rescideret
2648 1019 2801 1065 com
2833 1001 3225 1086 provisione
3259 1003 3614 1090 sexaginta
3643 1005 3926 1072 millium

244 1124 575 1170 aureorum
635 1104 966 1183 annatim,
1030 1126 1160 1173 nec
1222 1118 1453 1172 tamen
1508 1125 1582 1170 se
1630 1106 1720 1172 de
1767 1115 1951 1173 statu
1994 1104 2383 1190 impediret.
2476 1093 2604 1171 Illa
2648 1117 2877 1171 autem
2924 1106 3085 1173 huic
3150 1110 3540 1178 consentire
3587 1110 3928 1190 nollebat3

173 1211 203 1277 5
242 1212 389 1298 quin
428 1231 589 1298 ymo
649 1232 1000 1278 asseri-ens
1041 1213 1115 1277 in
1160 1212 1426 1278 honore
1473 1232 1598 1279 suo
1646 1212 1735 1279 ob
1784 1210 2258 1298 expulsionem
2289 1211 2548 1277 Taxini
2583 1211 2816 1291 lesam,
2847 1212 3134 1298 petebat
3178 1203 3424 1281 honori
3467 1216 3758 1301 pristino
3803 1239 3929 1286 suo

237 1317 498 1394 restitui,
546 1317 875 1383 videlicet
921 1319 1109 1406 quod
1149 1319 1246 1385 ita
1288 1330 1469 1385 esset
1511 1319 1583 1383 in
1630 1318 1946 1385 omnibus
1990 1317 2361 1396 nominata,
2409 1319 2992 1406 quemadmodum
3037 1321 3350 1407 primitus
3395 1334 3544 1388 erat
3589 1345 3727 1389 una
3774 1344 3930 1391 com

238 1425 497 1490 domino
546 1425 725 1491 duce
773 1426 921 1492 eius
968 1425 1160 1504 fillio,
1207 1426 1533 1513 quodque
1578 1425 1650 1491 in
1696 1423 2010 1491 omnibus
2057 1424 2670 1492 deliberationibus
2718 1426 2904 1493 circa
2949 1428 3234 1517 negotia
3277 1439 3514 1495 status.
3537 1428 3923 1512 interesset,

241 1530 326 1596 ita
365 1543 591 1597 tamen
633 1532 827 1619 quod
871 1531 999 1618 ipsi
1044 1544 1365 1620 regentes
1409 1532 1560 1598 sine
1607 1553 1713 1609 ea,
1759 1551 1894 1597 nec
1939 1531 2090 1617 ipsa
2135 1530 2282 1596 sine
2330 1531 2430 1596 eis
2472 1543 2757 1617 possent
2818 1532 3084 1619 aliquid
3131 1534 3551 1619 deliberare3
3599 1538 3926 1624 quodque

240 1657 451 1702 curam
497 1638 761 1703 domini
808 1640 1004 1705 ducis
1035 1639 1321 1706 haberet
1367 1649 1438 1704 et
1481 1639 1552 1704 in
1582 1650 1809 1705 castro
1843 1657 1999 1704 com
2031 1656 2116 1704 eo
2146 1648 2548 1704 moraretur.
2643 1638 2869 1725 Super
2901 1638 3146 1727 quibus
3178 1641 3493 1709 omnibus
3524 1656 3931 1730 expectatur

142 1746 204 1809 10
242 1743 571 1810 conclusio
617 1756 827 1832 atque
875 1745 1306 1813 deliberatio.
1398 1746 1553 1812 Hec
1602 1757 1831 1812 autem
1876 1745 1948 1811 in
1993 1744 2334 1830 principio
2382 1745 2774 1812 novembris
2822 1760 3275 1815 occurrerunt
3330 1748 3517 1816 1480.

396 1850 621 1917 Cause
668 1853 905 1919 mortis
952 1852 1216 1919 domini
1260 1853 1461 1920 OEchi
1507 1852 1925 1939 quammulte
1974 1851 2298 1916 dicuntur
2341 1863 2413 1917 et
2459 1852 2753 1918 maxime
2802 1853 3012 1940 quod,
3061 1854 3385 1932 curlatus,
3420 1856 3781 1923 confessus
3827 1871 3934 1926 est

240 1958 539 2023 venenari
585 1958 838 2024 fecisse
887 1958 1137 2026 ducem
1182 1959 1401 2037 Barri,
1451 1959 1567 2046 qui
1612 1978 1794 2024 anno
1828 1977 2027 2024 curso
2059 1957 2358 2024 decessit
2406 1955 2695 2044 Varisij;
2745 1959 3071 2046 quodque
3103 1959 3337 2029 occidi
3367 1962 3541 2028 fecit
3575 1962 3927 2030 dominum

241 2063 659 2129 Ottavianum
706 2064 1052 2132 Sforciam
1116 2066 1191 2131 in
1252 2066 1542 2133 transitu
1585 2063 1862 2144 Abdue,
1911 2064 2189 2153 quando
2242 2063 2578 2152 fugiebat,
2628 2065 2953 2154 quodque
2999 2067 3286 2133 mactari
3349 2068 3521 2135 fecit
3581 2068 3929 2136 Donatum

242 2169 339 2235 del
379 2171 670 2238 Comite.

138 2273 202 2338 15
395 2277 672 2365 Scripte
718 2290 876 2345 sunt
924 2278 1146 2345 littere
1181 2301 1269 2346 ex
1302 2280 1577 2346 civitate
1625 2278 1823 2345 Barri
1854 2278 2147 2364 Apullee
2177 2278 2749 2344 reverendissimo
2782 2279 3061 2347 domino
3109 2280 3441 2369 episcopo
3471 2281 3824 2350 Parmensi
3855 2285 3927 2349 in

238 2384 556 2471 principio
580 2386 996 2464 novembris,
1023 2386 1338 2473 qualliter
1363 2386 1677 2453 dominus
1695 2386 1936 2474 Jullius
1960 2386 2461 2472 Neapolitanus
2475 2386 2735 2471 primus
2747 2407 2962 2472 penes
2982 2406 3218 2476 regem
3241 2389 3756 2457 Ferdinandum
3773 2412 3929 2457 cum

238 2491 758 2559 salvoconductu
803 2494 1143 2579 capitanei
1187 2494 1649 2569 Turchorum,
1695 2493 1811 2580 qui
1856 2504 1958 2558 est
2002 2492 2074 2557 in
2121 2491 2474 2557 Idrontina
2520 2491 2801 2559 civitate
2865 2492 3134 2581 Apulee
3193 2516 3323 2580 per
3367 2518 3523 2562 eum
3569 2511 3930 2584 occupata,

234 2597 428 2682 ipsam
474 2599 826 2664 civitatem
856 2602 950 2667 ad
980 2601 1201 2686 ipsum
1236 2600 1671 2686 capitaneum
1705 2599 2104 2677 intraverat,
2138 2597 2562 2685 alloquturus
2610 2618 2765 2665 com
2814 2622 2919 2680 eo,
2965 2612 3040 2667 ut
3072 2602 3429 2668 acordium
3460 2614 3823 2682 tractaret3
3859 2616 3930 2671 et

232 2705 403 2790 quod
424 2704 607 2770 idem
634 2707 1034 2792 capitaneus
1057 2727 1142 2773 ea
1163 2707 1298 2785 die,
1315 2728 1452 2794 qua
1478 2707 1700 2773 dictus
1723 2706 2040 2772 dominus
2056 2704 2315 2793 Ju'llius
2332 2705 2401 2768 in
2423 2705 2682 2771 dictam
2708 2705 3054 2774 civitatem
3078 2708 3227 2787 ivit,
3247 2722 3740 2795 preparaverat
3764 2722 3927 2779 octo

118 2812 190 2874 20
231 2812 400 2876 mille
430 2812 757 2879 'nachon
785 2813 1196 2900 preliatores
1223 2827 1521 2881 armatos
1551 2813 1794 2881 Italico
1822 2835 2039 2892 more,
2072 2813 2371 2879 seriatim
2404 2814 2779 2880 existentes
2808 2813 2880 2879 in
2911 2815 3041 2905 vijs
3068 2815 3367 2902 publicis
3412 2816 3737 2896 civitatis;
3771 2818 3932 2885 item

230 2918 355 2983 duo
383 2919 574 2985 mille
604 2932 1040 3008 guastatores
1088 2942 1244 2987 com
1291 2921 1632 3010 ligonibus
1677 2933 1745 2986 et
1790 2920 2169 2988 badilibus:
2202 2920 2369 2986 item
2414 2931 2574 2987 octo
2621 2932 2898 2987 centum
2944 2922 3353 3012 spingardas
3399 2923 3726 3010 optimas:
3761 2924 3926 2992 item

230 3024 456 3090 decem
504 3027 693 3091 mille
724 3027 998 3112 pedites
1045 3040 1340 3094 armatos
1384 3027 1671 3093 Turcho
1715 3046 1940 3092 more:
1989 3027 2150 3092 item
2182 3025 2539 3091 victualias
2567 3045 2697 3112 pro
2728 3027 2923 3092 annis
2955 3026 3202 3094 tribus:
3235 3028 3398 3094 item
3430 3029 3502 3093 in
3531 3030 3685 3116 ripa
3725 3031 3933 3098 maris

224 3151 426 3218 prope
488 3133 723 3198 menia
774 3133 963 3200 urbis
1009 3147 1285 3200 centum
1330 3134 1543 3211 vella3
1594 3133 2030 3221 ostenditque
2077 3132 2175 3197 illi
2221 3132 2356 3198 hec
2419 3132 2668 3210 omnia,
2717 3153 2802 3198 ac
2829 3133 3053 3198 «etiam
3115 3133 3394 3213 litteras,
3443 3156 3612 3222 quas
3656 3137 3927 3203 noviter

226 3251 576 3324 receperat
623 3260 667 3303 a
714 3259 966 3328 magno
1014 3241 1322 3320 Turcho,
1370 3241 1486 3328 qui
1533 3238 1882 3306 scribebat
1928 3239 2117 3306 dicto
2166 3238 2553 3325 capitaneo,
2600 3239 2790 3326 quod
2834 3239 2906 3304 in
2950 3238 3173 3326 primo
3235 3262 3400 3307 vere
3447 3241 3518 3306 in
3577 3242 3924 3329 Apuleam

114 3344 185 3408 25
222 3346 768 3429 proficisceretur
809 3347 1264 3434 personaliter
1311 3368 1465 3414 com
1515 3360 1787 3414 centum
1833 3346 2127 3413 millibus
2169 3347 2478 3433 peditum
2510 3359 2579 3412 et
2611 3347 2857 3412 decem
2890 3358 3049 3413 octo
3082 3347 3268 3412 mille
3300 3348 3641 3437 equitibus
3673 3362 3742 3416 et
3772 3369 3927 3417 com

220 3452 469 3541 ingenti
512 3453 770 3519 navilio
800 3454 1193 3520 victualium
1229 3466 1297 3521 et
1328 3454 1666 3522 artelarie.
1762 3453 1976 3531 Quod
2024 3473 2317 3520 cernens
2348 3466 2418 3519 et
2450 3453 2735 3519 audiens
2765 3452 2951 3519 idem
2985 3454 3299 3521 dominus
3329 3454 3571 3544 Jullius
3616 3456 3928 3544 stupidus

220 3561 556 3639 remansit,
588 3573 934 3648 temptans
980 3562 1428 3628 concordium
1477 3581 1632 3627 com
1679 3562 1868 3629 dicto
1917 3560 2301 3648 capitaneo,
2350 3560 2466 3648 qui
2501 3573 2603 3627 est
2635 3561 2903 3628 Grecus
2940 3561 3185 3640 audax,
3235 3562 3535 3629 crudelis
3581 3576 3651 3629 et
3693 3564 3924 3630 italice

219 3667 531 3754 loquitur.
623 3667 692 3734 A
722 3687 859 3755 quo
907 3669 1269 3755 capitaneo
1314 3689 1716 3755 responsum
1763 3668 2020 3747 habuit,
2069 3690 2142 3734 se
2189 3668 2442 3733 nullam
2472 3668 2666 3754 pacis
2697 3668 2877 3733 viam
2912 3687 3218 3735 cernere.
3313 3668 3458 3735 Sed
3487 3669 3544 3735 si
3589 3691 3714 3735 rex
3757 3671 3927 3736 Fer-

220 3774 555 3840 dinandus
583 3776 772 3842 velet
816 3775 1102 3842 Turcho
1146 3776 1327 3843 ultra
1370 3776 1726 3842 Idrontum
1775 3776 1943 3841 dare
1990 3775 2264 3842 Letium
2312 3787 2381 3840 et
2426 3774 2884 3853 Bronditium,
2918 3794 3002 3840 ac
3033 3774 3434 3854 Tarentum,
3467 3797 3542 3842 se
3573 3776 3736 3843 huic
3764 3778 3926 3864 paci

106 3880 177 3943 30
217 3881 726 3947 intromitteret:
763 3882 961 3948 aliter
992 3882 1180 3969 quod
1210 3883 1280 3948 in
1308 3883 1534 3969 primo
1564 3904 1728 3949 vere
1763 3881 1991 3948 dictus
2016 3881 2337 3947 Turchus
2369 3882 2459 3946 ad
2490 3881 2642 3946 illas
2670 3893 2903 3968 partes
2931 3881 3128 3969 regni
3154 3881 3532 3970 navigaret,
3562 3895 3637 3948 ut
3667 3883 3926 3955 dictum

222 4000 345 4063 est;
410 4002 483 4052 et
545 3988 733 4075 quod
792 3989 1243 4076 persuaderet
1291 3989 1480 4055 dicto
1526 3989 1697 4077 regi,
1742 4010 1830 4054 ne
1879 3988 2063 4054 velet
2109 3989 2365 4054 frustra
2412 3988 2807 4074 expendere
2854 3988 2925 4052 in
2971 3988 3274 4054 volendo
3323 4009 3442 4055 eos
3486 3988 3808 4056 Turchos
3851 3990 3924 4055 in

219 4095 499 4161 Idronto
532 4093 874 4174 obsidere,
908 4096 1229 4183 quoniam
1273 4115 1416 4162 non
1460 4107 1695 4182 posset
1741 4095 1832 4162 ob
1881 4096 2378 4162 demonstratas
2406 4094 2836 4180 provisiones
2869 4094 3269 4181 antedict—as,
3306 4093 3549 4182 quibus
3579 4117 3654 4162 se
3686 4117 3729 4160 a
3757 4116 3924 4184 rege

219 4201 700 4268 defenderent.
790 4203 1002 4270 Unde
1051 4202 1365 4271 dominus
1401 4202 1642 4289 jullius
1689 4223 1731 4267 a
1778 4201 1965 4268 dicto
2015 4201 2377 4287 capitaneo
2426 4201 2740 4267 discessit
2787 4201 3095 4287 trepidus
3141 4213 3210 4267 et
3254 4201 3433 4267 male
3483 4213 3864 4270 contentus.

388 4308 663 4374 Eodem
708 4330 890 4375 anno
947 4308 1113 4375 1480
1163 4309 1353 4374 circa
1382 4308 1735 4374 dimidium
1766 4307 2158 4374 novembris
2190 4307 2458 4393 Gaspar
2490 4308 2578 4373 de
2614 4306 3031 4375 Scarabellis
3062 4308 3150 4373 de
3183 4307 3483 4394 squadra
3527 4308 3764 4375 Sancti
3798 4309 3923 4375 Vi-

105 4410 174 4476 35
218 4414 394 4480 tallis
441 4429 515 4479 et
558 4415 675 4502 qui
719 4414 794 4479 in
835 4413 1251 4481 novitatibus
1295 4414 1545 4480 Parme
1593 4415 1817 4481 audax
1863 4426 1932 4479 et
1978 4414 2281 4480 solicitus
2342 4415 2589 4494 fuerat,
2639 4412 2867 4480 verbis
2931 4413 3358 4479 contendens
3407 4434 3561 4481 com
3606 4414 3924 4502 Johanne

218 4519 523 4588 Antonio
570 4522 660 4587 de
709 4522 934 4600 Sellis,
982 4522 1071 4587 de
1118 4522 1417 4610 squadra
1461 4520 1728 4600 Ducali‚
1777 4520 2172 4588 vulneratus
2216 4521 2288 4586 in
2334 4523 2601 4588 femore
2650 4520 3008 4608 expiravit.

389 4630 627 4695 Nocte
672 4628 1194 4716 septimidecimi
1241 4628 1635 4695 novembris
1677 4627 1999 4715 predicti,
2048 4626 2431 4694 Gibellinus
2481 4629 2570 4695 de
2616 4626 3130 4695 Bemazonibus
3160 4627 3249 4693 de
3282 4628 3581 4715 squadra
3627 4628 3923 4719 Sangui-

220 4735 419 4813 natia,
463 4735 735 4823 juvenis
781 4735 1148 4814 homicida,
1196 4735 1577 4813 seditiosus,
1627 4734 1832 4813 lusor,
1881 4733 2325 4801 blasfemator
2387 4747 2458 4801 et
2521 4734 2636 4822 qui
2701 4732 2773 4799 in
2834 4753 3203 4800 sacomano
3265 4734 3671 4802 Rubeorum
3714 4736 3925 4803 inter-

218 4841 443 4907 fuerat
490 4862 632 4907 una
677 4861 831 4906 cum
877 4841 1217 4909 Corazino
1266 4841 1481 4906 fratre
1528 4860 1674 4919 su0,
1709 4840 1943 4906 occiso
1973 4854 2131 4926 post
2161 4840 2382 4907 dictas
2426 4841 2766 4908 novitates
2809 4841 2883 4906 in
2927 4840 3235 4908 teritorio
3267 4840 3476 4920 Salle,
3526 4862 3683 4908 cum
3710 4841 3927 4910 verba

107 4949 177 5011 40
219 4946 509 5013 haberet
551 4947 629 5012 in
670 4947 916 5033 Capite
962 4947 1202 5014 Pontis
1250 4968 1406 5014 cum
1436 4947 1739 5034 quodam
1771 4946 1907 5013 alio
1940 4945 2409 5034 Sanguinatio‚
2445 4946 2535 5015 ab
2584 4947 2733 5034 ipso
2763 4946 3071 5034 pluribus
3101 4949 3506 5015 successivis
3535 4948 3929 5017 vulneribus

221 5053 584 5119 confossus
629 5053 816 5120 illico
859 5053 1068 5120 vitam
1116 5054 1354 5121 emisit.

388 5160 527 5225 Die
574 5159 906 5248 vigesimo
951 5159 1342 5235 novembris
1388 5182 1544 5228 cum
1592 5161 1830 5228 larvati
1877 5173 2085 5228 nocte
2132 5162 2385 5249 dieque
2431 5162 2700 5242 fierent,
2746 5181 2888 5229 non
2931 5173 3252 5228 verentes
3311 5161 3539 5227 cridas
3582 5162 3926 5251 guberna-

220 5268 380 5333 toris
429 5279 503 5333 et
547 5267 843 5332 maxima
885 5266 1248 5333 iminerent
1291 5268 1627 5355 pericula,
1672 5281 1879 5356 prout
1925 5269 2154 5335 evenit
2201 5289 2383 5336 anno
2428 5269 2732 5355 presenti
2781 5282 3090 5355 tempore
3138 5269 3603 5360 carnispluvij,
3666 5270 3739 5335 in
3783 5290 3921 5358 quo

222 5375 489 5441 occisus
534 5373 667 5439 fuit
710 5372 933 5440 milles
977 5372 1235 5441 domini
1287 5375 1644 5462 potestatis
1702 5397 1831 5462 per
1893 5376 2213 5454 larvatos,
2275 5376 2467 5442 facte
2529 5388 2684 5443 sunt
2742 5375 3322 5462 proclamationes
3379 5376 3454 5441 in
3515 5376 3919 5444 executione

105 5480 173 5546 45
222 5481 597 5547 litterarum
642 5479 1009 5558 ducalium,
1057 5481 1244 5567 quod
1290 5480 1416 5547 sub
1460 5502 1645 5567 pena
1688 5480 2177 5571 indignationis
2208 5481 2499 5548 ducallis
2543 5482 2768 5548 nullus
2812 5503 2886 5547 se
2933 5481 3149 5548 faciat
3194 5481 3527 5548 larvatum
3571 5504 3785 5571 usque
3833 5485 3926 5550 ad

220 5588 467 5653 festum
514 5586 755 5654 Sancti
800 5583 1083 5674 Antonij
1134 5586 1223 5653 de
1268 5608 1503 5653 mense
1548 5587 1837 5677 januarij
1886 5587 2047 5654 anni
2092 5588 2401 5675 proxime
2449 5588 2682 5669 futuri,
2713 5609 2847 5654 nec
2876 5599 3123 5675 postea
3153 5588 3298 5654 sine
3331 5588 3604 5675 spetiali
3648 5588 3928 5657 licentia

217 5695 488 5762 ducalli.
580 5695 673 5761 Et
718 5693 981 5759 utinam
1030 5695 1166 5760 hoc
1213 5693 1633 5763 observetur.

384 5803 559 5871 Cum
610 5814 863 5889 captus
908 5799 1147 5868 fuisset
1191 5801 1506 5868 dominus
1532 5802 1863 5870 Marchus
1892 5803 1982 5869 de
2013 5802 2159 5894 Pijs
2187 5803 2277 5869 de
2308 5805 2543 5891 Carpo
2571 5803 2645 5869 in
2674 5801 2861 5871 bello
2904 5802 3459 5871 Florentinorum
3491 5815 3734 5871 contra
3763 5802 3927 5873 Sar-

371 6085 455 6125 22.
492 6065 802 6135 armatos]
841 6068 1091 6120 armat-m
1126 6065 1242 6120 cod.
1280 6092 1348 6104 —
1384 6080 1473 6136 34.
1511 6064 1757 6135 Gaspar]
1793 6080 1922 6118 cum
1958 6066 2180 6136 Gaspar
2214 6066 2330 6119 cod.

4081 2734 4230 2782 ιιυιι..
4261 2734 4343 2776 35⁶
