4895 7066
1191 1580 1341 1687 IN
1410 1580 2065 1689 DIARIUM
2137 1579 2958 1689 PARMENSE

792 1798 1457 1868 PRAEFATIO
1514 1797 2072 1868 LUDOVICI
2136 1799 2628 1869 ANTONII
2691 1800 3366 1869 MURATORII

100 2488 103 2571 ᾧ
762 2515 919 2553 num
954 2503 1124 2571 hujus
1160 2501 1415 2552 codicem
1454 2515 1555 2551 ms.
1590 2499 1987 2568 suppeditavst
2022 2499 2169 2550 mihi
2204 2500 2690 2569 preeciarissimus
2727 2501 2872 2551 oum
2911 2502 3003 2552 vir
3040 2516 3227 2553 comes
3267 2502 3600 2553 Franciscus
3639 2501 3924 2565 Tetellus,

100 2586 101 2627 Ὗ
799 2603 961 2669 cujus
1000 2600 1224 2650 familia
1260 2614 1294 2649 a
1331 2598 1538 2649 celebri
1574 2596 1941 2664 Salinguerra
1967 2597 2111 2647 olim
2149 2597 2512 2648 dominatore
2550 2598 2842 2649 Ferrariae
2866 2598 3150 2666 originem
3187 2600 3366 2661 ducit,
3390 2604 3447 2650 et
3483 2601 3644 2667 cujus
3680 2612 3815 2667 erga
3840 2613 3929 2649 me

795 2713 959 2751 amor
1006 2699 1244 2750 minime
1280 2697 1535 2764 vulgaris
1583 2700 1724 2759 erat,
1760 2696 1848 2746 uti
1898 2710 2075 2761 neque
2110 2696 2457 2747 humanitas.
2532 2696 2771 2764 Ereptus
2822 2699 2907 2747 est
2945 2697 3047 2748 ille
3082 2712 3114 2749 e
3151 2697 3304 2749 vivis
3341 2712 3497 2749 anno
3553 2708 3707 2766 1731.
3777 2694 3925 2755 Quis

795 2801 984 2849 autem
1017 2795 1269 2865 ejusdem
1307 2793 1517 2857 Diarii,
1552 2793 1705 2859 quod
1745 2808 1895 2844 nunc
1933 2794 2179 2861 primum
2214 2793 2467 2862 profero,
2507 2799 2708 2845 auctor
2746 2795 2938 2858 fuerit,
2962 2795 3023 2845 id
3050 2796 3221 2863 piane
3252 2796 3517 2864 ignotum
3552 2795 3716 2847 mihi.
3786 2796 3927 2863 Ejus

232 2899 404 2945 tamen
439 2897 614 2948 verba
660 2897 951 2947 hominem
987 2894 1261 2945 exhibent
1296 2893 1597 2942 honestum
1634 2906 1701 2942 sc
1738 2891 2090 2958 prudentem,
2125 2895 2184 2942 et
2232 2892 2755 2959 praestantissimae
2790 2892 3018 2958 quidem
3056 2892 3357 2945 Rauenna
3393 2893 3667 2957 familiae,
3702 2906 3844 2959 quae
3892 2908 3928 2942 a

234 2998 315 3045 tot
347 2996 550 3046 seculis
588 2995 782 3059 floret,
820 3008 954 3063 prae
990 2992 1191 3044 ceteris
1228 2991 1537 3053 addictum,
1564 2992 1814 3041 attamen
1852 2989 1922 3038 de
1959 2990 2120 3040 rebus
2158 2989 2392 3040 Parmae
2415 2990 2600 3041 muita
2637 2990 2966 3041 sinceritate
2993 2991 3352 3043 scribentem.
3422 2990 3516 3041 Ad
3541 2992 3675 3042 haec
3711 3005 3925 3050 eorum,

100 3094 103 3179 ᾖ
238 3105 363 3155 quae
398 3092 744 3143 accidebant
779 3089 1121 3151 Mediolani,
1156 3102 1222 3138 ac
1270 3089 1332 3138 in
1370 3087 1634 3137 finitimis
1672 3086 1931 3154 partibus
1984 3099 2041 3136 se
2078 3086 2286 3152 ubique
2335 3091 2423 3139 sat
2461 3086 2704 3156 peritum
2753 3089 2969 3155 prodit.
3040 3087 3239 3140 Solent
3275 3092 3464 3141 autem
3512 3088 3925 3156 Ephemerides,

100 3190 101 3243 ἡ
142 3201 195 3238 10
241 3191 348 3240 sive
382 3189 603 3253 Diaria,
652 3187 957 3257 complecti
995 3187 1313 3238 minutiora
1350 3185 1640 3251 quaedam,
1678 3198 1820 3249 quae
1861 3185 1931 3236 ab
1968 3184 2272 3237 historiam
2322 3185 2603 3236 scribente
2641 3187 2882 3237 fortasse
2930 3190 3446 3250 contemnerentur,
3480 3190 3683 3256 utpote
3729 3188 3927 3255 exigui

100 3260 101 3269 ἵ
242 3291 329 3338 aut
362 3287 577 3338 nullius
617 3287 923 3338 momenti.
996 3285 1205 3336 Verum
1241 3285 1336 3334 hic
1375 3284 1622 3350 scriptor
1657 3296 1728 3333 eo
1764 3282 1988 3352 judicio
2024 3282 2161 3333 haec
2197 3282 2383 3334 literis
2422 3284 2606 3335 veluti
2644 3285 2850 3335 selecta
2887 3284 3203 3347 mandaxit,
3240 3288 3304 3336 ut
3345 3285 3614 3336 lectorem
3653 3299 3926 3350 nusquam

242 3384 448 3451 fatiget,
483 3388 585 3436 aut
627 3384 896 3434 inanlum
932 3397 1117 3434 rerum
1156 3383 1487 3432 narratione
1526 3381 1712 3431 sallat.
1784 3380 2056 3448 Suspicor
2092 3382 2298 3443 autem,
2333 3381 2549 3449 scripta
2585 3382 2720 3431 haec
2757 3381 2934 3431 fuisse
2968 3396 3005 3432 a
3043 3379 3241 3446 Jacobo
3289 3381 3536 3441 Caluo,-
3574 3396 3706 3431 nam
3741 3382 3926 3432 Bona·

238 3486 461 3535 ventura
495 3482 765 3550 Angelus
801 3482 863 3532 in
901 3480 1147 3531 moria
1178 3480 1479 3537 Parmensi,
1516 3479 1618 3530 lib.
1651 3478 1749 3542 IV,
1775 3492 1831 3548 p.
1866 3492 1988 3546 419,
2025 3491 2296 3529 enarrans
2331 3477 2405 3528 ad
2441 3492 2655 3529 annum
2697 3477 2831 3547 1482
2858 3482 3100 3530 mortem
3137 3478 3427 3548 magnifici
3464 3480 3578 3530 viri
3614 3479 3770 3530 Petri
3806 3478 3926 3529 Ma-

237 3582 345 3631 riae
376 3581 580 3644 Rubei,
617 3584 823 3631 auctor
859 3582 961 3640 est,
998 3579 1188 3648 ipsum
1224 3579 1587 3646 septuaginta
1636 3592 1819 3629 annos
1859 3582 2055 3628 natum
2104 3577 2334 3629 obiisse.
2404 3575 2502 3627 Ha
2536 3576 2585 3627 a
2637 3576 2870 3636 Cavtceo,
2906 3577 2999 3628 che
3028 3574 3115 3639 ssa
3148 3578 3303 3629 molto
3349 3578 3619 3629 domm
3654 3578 3717 3627 ds·
3748 3575 3928 3642 quella

143 3689 188 3742 ¹5
234 3693 363 3737 casa,
395 3695 423 3728 e
455 3694 552 3729 suo
570 3677 929 3746 smigli'oee,
961 3680 1153 3738 sative,
1184 3677 1389 3744 ch'egll
1418 3693 1577 3728 auva
1610 3682 1966 3728 montaum
2001 3679 2135 3727 aaut
2165 3692 2193 3725 e
2230 3676 2407 3727 dedici
2438 3675 2516 3725 di.
2588 3673 2877 3743 Suspicor,
2915 3676 3167 3742 inquam,
3202 3676 3300 3727 sed
3337 3689 3441 3745 pro
3477 3677 3635 3726 certo
3675 3689 3793 3727 non
3843 3674 3929 3725 as-

236 3775 399 3839 firmo,
436 3775 755 3828 Caviceum
792 3776 1049 3827 eumdem
1085 3788 1205 3826 esse
1240 3790 1307 3826 sc
1343 3776 1676 3843 scriptorem
1722 3778 2000 3837 nostrum,
2035 3775 2136 3840 qui
2174 3779 2323 3826 certe
2358 3774 2435 3825 iis
2483 3774 2626 3841 ipsis
2668 3776 3021 3842 temporibus
3059 3775 3214 3826 vixit
3248 3779 3306 3826 et
3354 3774 3604 3843 scripsit,
3638 3787 3812 3839 quum
3859 3774 3926 3825 in

234 3874 327 3924 hac
362 3875 608 3925 historia
652 3873 890 3940 legatur,
923 3875 1390 3939 septuagenarium
1425 3873 1639 3924 obiisse
1687 3872 1918 3924 Petrum
1954 3871 2229 3923 Rubeum.
2300 3872 2394 3923 Ad
2430 3872 2569 3922 haec
2619 3876 2812 3923 narrat
2849 3872 2998 3922 idem
3049 3871 3324 3940 Angelus,
3361 3886 3516 3923 anno
3551 3871 3750 3922 eodem
3791 3868 3926 3938 1482

237 3968 590 4023 Guidoneum
629 3971 888 4022 Rubeum
926 3985 961 4022 a
997 3970 1157 4021 Duce
1190 3969 1512 4021 MedIolani
1550 3969 1838 4030 defecisse,
1871 3969 2113 4035 ideoque
2131 3965 2342 4030 surm
2369 3973 2571 4035 gendo
2604 3984 2640 4019 a
2685 3974 2833 4019 terra
2869 3969 2917 4018 Ie
2949 3984 3063 4020 case
3098 3970 3163 4018 δι’
3209 3969 3451 4020 θίαοηιο
3492 3970 3705 4021 Cwioeo
3742 3970 3930 4036 gisa-t-

233 4069 495 4128 seomlto,
530 4068 631 4119 che
667 4067 719 4117 ’1
744 4068 896 4133 κενά
928 4073 1154 4133 sempre,
1189 4073 1241 4117 et
1287 4066 1399 4133 egli
1436 4068 1762 4118 condas-nato
1789 4071 1894 4132 per
1936 4065 2147 4124 rebelle,
2180 4081 2210 4117 e
2236 4067 2395 4132 privo
2431 4066 2495 4114 di
2525 4068 2660 4116 tutu·
2691 4066 2718 4114 t
2762 4064 2997 4135 benefieyi
3070 4065 3279 4116 Vertsm
3313 4066 3388 4117 ad
3432 4079 3648 4117 annum
3689 4064 3823 4133 1482
3871 4069 3932 4117 et

98 4139 99 4152 ἵ
138 4176 192 4215 2ο
235 4167 327 4217 sub
360 4166 449 4216 his
471 4166 621 4235 ipsis
662 4164 858 4215 diebus
881 4164 1089 4215 Diario
1127 4167 1326 4215 nostro
1363 4163 1428 4215 fit
1462 4163 1612 4215 finis.
1681 4163 1906 4215 Interea
1943 4163 2122 4229 vides,
2147 4162 2456 4215 Caviceum
2492 4164 2748 4232 potuisse
2784 4164 2920 4214 haec
2956 4163 3215 4224 scribere,
3240 4178 3404 4230 quem
3439 4167 3637 4232 postea
3659 4163 3931 4215 adversae

98 4239 99 4284 ἦ
240 4263 489 4315 fortunae
524 4263 680 4316 ictus
715 4263 882 4314 silere
916 4264 1208 4331 jusserint.
1279 4262 1548 4313 Meminit
1583 4264 1641 4313 et
1675 4262 1927 4330 ejusdem
1963 4259 2167 4327 Jacobi
2202 4259 2440 4313 Cavieei
2476 4260 2769 4311 Ranucius
2805 4260 2974 4312 Picus
3012 4261 3076 4311 in
3113 4261 3215 4313 lib.
3283 4261 3372 4312 De
3396 4261 3594 4313 lau-aa
3630 4262 3930 4322 Meus..

237 4374 286 4427 p.
321 4359 435 4425 166,
469 4365 771 4414 mutuatus
805 4373 1184 4427 quaecumque
1223 4374 1373 4410 nunc
1410 4359 1583 4411 retuli
1618 4373 1689 4410 ex
1725 4360 2129 4410 Bonaventura
2164 4358 2413 4426 Angeio,
2449 4358 2655 4424 quibus
2689 4357 2882 4409 addit:
2923 4359 3165 4424 compen
3198 4356 3352 4408 nolte
3386 4363 3561 4423 opera,
3593 4372 3623 4408 e
3654 4360 3840 4409 sot-tm
3871 4357 3931 4410 la

246 4457 355 4508 Vita
376 4458 464 4509 del
490 4459 737 4510 madata
758 4458 937 4509 Retro
973 4456 1158 4508 Hos-la
1192 4458 1367 4516 Rossi,
1392 4456 1441 4506 a
1468 4456 1792 4523 Pellaeum,
1815 4455 1871 4508 Ia
1896 4469 2103 4522 tuem
2137 4459 2202 4509 di
2236 4457 2456 4517 Romo-2,
2479 4457 2625 4509 nella
2658 4455 3363 4524 quahfufattopn'gs'onc,
3387 4463 3590 4508 mentre
3622 4473 3727 4509 esso
3754 4458 3933 4509 Gallo

232 4559 627 4625 guerreggr'wa.
714 4556 854 4608 Vim
887 4558 1030 4609 circa
1064 4556 1252 4607 Panno
1285 4558 1435 4618 1480.
1511 4555 1615 4609 Sed
1655 4558 1792 4609 haec
1825 4558 2001 4610 etiam
2033 4557 2175 4610 Pico
2211 4555 2605 4624 suppeditavit
2640 4555 2915 4622 Angelus.
2984 4555 3113 4607 Erit
3147 4554 3502 4607 eruditorum
3539 4555 3930 4606 Parmensium

140 4664 187 4717 25
239 4653 567 4721 diligentius
603 4656 910 4720 inquirere,
946 4670 1020 4704 an
1060 4656 1195 4705 haec
1230 4653 1415 4705 eidem
1451 4651 1700 4705 Caviceo
1737 4655 1858 4706 sint
1892 4653 2213 4706 tribuenda.
2285 4651 2552 4705 Ceterum
2587 4655 2839 4706 occurrit
2874 4655 2938 4705 in
2973 4653 3082 4705 hoc
3106 4654 3237 4722 ipso
3274 4653 3480 4706 Diario
3518 4654 3724 4707 lacuna
3747 4658 3929 4717 vetus,

236 4755 287 4801 et
321 4750 584 4803 fortassis
620 4752 807 4803 eidem
841 4752 1068 4803 auctori
1104 4749 1424 4814 tribuenda,
1460 4763 1629 4817 quam
1665 4751 1926 4822 supplere
1962 4751 2196 4803 aliunde
2232 4762 2471 4817 nequeo.
2542 4752 2734 4818 Atque
2770 4752 2996 4804 utinam
3031 4753 3198 4821 plura
3233 4753 3337 4805 iile
3373 4754 3558 4804 literis
3595 4751 3928 4819 consignas-

237 4851 330 4910 set,
362 4849 569 4915 quibus
608 4850 826 4901 nobilis
862 4848 1051 4910 Urbis,
1087 4861 1390 4916 eorumque
1425 4851 1743 4919 temporum
1767 4848 2030 4903 Historia
2064 4849 2292 4900 uberius
2319 4847 2723 4902 illustraretur.
2794 4848 2903 4901 Sed
2939 4851 3056 4920 jam
3080 4850 3173 4902 his
3209 4849 3424 4920 paucis,
3447 4864 3589 4916 quae
3612 4853 3931 4921 supersunt,

236 4945 490 5000 fruantur
528 4948 790 5000 lectores.
