4895 7066
478 1279 638 1333 Mum,
665 1279 743 1322 317

518 1717 558 1749 C.
586 1714 703 1756 57?

487 4173 527 4202 c.
559 4171 679 4212 571³

418 5338 576 5390 Mun„
604 5340 689 5382 31⁸

912 481 1005 554 54
2201 484 2674 558 CRONICA
2735 481 3324 561 GESTORUM
3671 498 3778 570 [A.
3818 502 3979 559 1479
4020 502 4626 575 agusto-settembre]

1357 632 2064 644 ommno-om
2068 635 2251 644 men-n-
2255 635 2298 644 ·u·
2302 634 3303 645 mum--mmmm—ufflmm

901 729 1267 810 dederunt,
1301 730 1372 795 in
1407 750 1544 817 quo
1590 730 1780 796 nulla
1811 752 1935 795 arx
1963 731 2224 797 aderat.
2318 731 2414 797 Ut
2446 742 2676 796 autem
2711 731 3173 817 expelleretur
3203 731 3354 818 ipse
3387 733 3710 798 dominus
3740 732 4095 799 Robertus
4127 734 4218 800 ab
4252 733 4620 801 obsidione

907 836 1247 921 predicta,
1293 858 1423 923 pro
1467 847 1666 922 parte
1713 847 1929 903 status
1973 835 2359 903 Mediolani
2389 849 2673 924 paratus
2717 837 2850 905 fuit
2894 838 3238 904 maximus
3286 837 3648 918 exercitus,
3695 839 3909 905 altum
3957 841 4232 907 faciens
4276 841 4620 929 Viquerie

898 943 1317 1030 equestrium
1364 955 1435 1010 et
1478 944 1904 1030 pedestrium
1951 945 2042 1010 ad
2086 965 2442 1010 numerum
2488 960 2939 1030 personarum
2972 945 3342 1011 duodecim
3388 945 3600 1011 mille.
3694 946 3878 1011 Nam
3908 947 3982 1012 hi
4014 948 4409 1033 proditores
4439 948 4622 1013 Ter-

907 1042 1253 1116 donense's
1297 1050 1472 1117 alias
1520 1051 1709 1137 capti
1748 1063 1911 1117 sunt
1954 1050 2270 1118 volentes
2314 1050 2610 1116 similem
2657 1050 3125 1136 proditionem
3170 1052 3435 1129 facere,
3482 1052 4016 1140 ordinatumque
4049 1054 4184 1119 fuit
4215 1053 4368 1120 illos
4402 1054 4621 1120 deca-

825 1137 828 1141 *
907 1155 1131 1241 pitari,
1180 1157 1298 1243 qui
1343 1156 1563 1224 adiuti
1608 1179 1651 1223 a
1697 1156 1980 1223 domino
2026 1156 2343 1244 Johanne
2389 1156 2480 1222 de
2529 1156 2867 1243 Scipiono
2913 1178 3052 1223 uno
3100 1179 3188 1223 ex
3232 1157 3648 1245 consiliariis
3694 1170 3908 1226 status
3954 1159 4367 1238 Mediolani,
4401 1160 4618 1225 vitam
4705 1158 4746 1224 5

899 1281 1204 1329 evasere.
1296 1263 1506 1329 Nunc
1552 1274 1779 1328 autem
1823 1274 1900 1329 ut
1945 1262 2197 1351 ingrati
2242 1262 2464 1350 gratie
2511 1264 2611 1329 eis
2672 1262 2891 1330 facte'
2937 1264 3010 1327 in
3056 1262 3318 1330 dictam
3377 1264 3846 1349 proditionem
3904 1285 4310 1352 prorupere.
4389 1266 4620 1332 Exer-

896 1367 1092 1446 cituS‚
1141 1368 1260 1456 qui
1303 1380 1451 1436 erat
1483 1369 1578 1435 ad
1607 1369 1913 1456 Burgum
1959 1369 2183 1436 Vallis
2228 1369 2549 1448 Taronis,
2596 1369 2957 1456 profectus
3003 1380 3108 1435 est
3151 1369 3562 1456 Viqueriam
3582 1395 3601 1447 ;
3649 1391 3787 1458 quo
3836 1372 4050 1438 etiam
4096 1372 4466 1459 profectus
4512 1383 4621 1437 est

889 1475 1230 1542 exercitus
1271 1477 1692 1543 marchionis
1735 1475 2208 1543 Montisferati
2252 1477 2604 1562 capitanei
2651 1487 2866 1542 status
2909 1476 3315 1543 Mediolani.

1068 1583 1224 1648 Hoc
1271 1583 1452 1650 enim
1497 1605 1733 1649 mense
1781 1582 2055 1671 augusti
2107 1581 2272 1653 1479
2320 1604 2479 1649 cum
2527 1583 2724 1650 ducti
2757 1584 3049 1649 fuissent
3077 1583 3151 1649 in
3184 1595 3418 1651 castro
3446 1583 3795 1651 Cremone
3842 1585 4151 1672 quinque
4198 1585 4387 1651 cives
4433 1585 4609 1651 Par-

895 1709 1005 1754 me
1050 1689 1143 1754 de
1187 1687 1401 1756 tribus
1446 1690 1762 1777 squadris
1806 1689 2115 1755 accusati
2160 1711 2204 1755 a
2247 1689 2626 1756 Francisco
2673 1691 2765 1756 de
2809 1689 3031 1776 Ricijs
3077 1690 3167 1755 de
3212 1689 3514 1778 squadra
3561 1691 3803 1758 Sancti
3847 1689 4157 1757 Vitallis'
4203 1712 4333 1777 pro
4378 1692 4610 1777 impu·
4665 1692 4745 1755 10

882 1795 1144 1861 tatione
1193 1807 1437 1862 contra
1479 1817 1599 1863 eos
1644 1798 1857 1875 facta,
1904 1795 2095 1883 quod
2139 1796 2500 1862 voluerant
2544 1798 2846 1881 prodere
2894 1798 3247 1863 civitatem
3296 1796 3568 1876 Parme,
3632 1819 3887 1884 capere
3952 1799 4125 1864 duas
4183 1809 4445 1884 portas,
4510 1799 4608 1864 si-

882 1900 1047 1968 licet
1094 1902 1333 1969 Sancti
1378 1902 1747 1970 Michaelis
1793 1914 1864 1969 et
1909 1902 2149 1969 Sancti
2193 1903 2572 1981 Francisci,
2620 1924 2704 1970 ac
2752 1904 3194 1970 introducere
3241 1904 3593 1970 dominum
3651 1903 4086 1970 Ludovicum
4134 1905 4486 1972 Sforciam
4533 1915 4607 1970 et

884 2007 1240 2074 dominum
1285 2009 1692 2088 Robertum
1739 2009 2169 2095 fuissentque
2215 2009 2596 2076 examinati
2636 2029 2766 2095 per
2811 2009 3159 2096 quendam
3190 2009 3522 2075 vicarium
3557 2011 3880 2077 ducalem
3926 2011 4018 2077 de
4064 2011 4448 2090 Florentia,
4479 2031 4609 2078 ne-

881 2127 1128 2201 garent
1171 2136 1446 2204 quoque
1495 2116 1749 2194 omnia,
1798 2116 2049 2182 ductus
2091 2115 2226 2182 fuit
2271 2116 2364 2182 ad
2407 2136 2836 2204 paragonum
2881 2116 3226 2184 Cremone
3276 2116 3505 2183 dictus
3550 2117 3985 2195 Franciscus,
4043 2117 4163 2205 qui
4215 2118 4356 2184 hoc
4404 2119 4608 2183 dete-

886 2233 1103 2301 xerat,
1150 2242 1234 2288 ac
1282 2234 1358 2288 ut
1403 2221 1704 2302 dicebat,
1750 2222 1885 2287 illis
1930 2222 2376 2289 ambassiatas
2419 2222 2692 2288 fecerat
2735 2235 2933 2308 parte
2980 2222 3154 2290 dicti
3218 2223 3486 2289 domini
3547 2222 3842 2290 Roberti
3891 2236 3961 2290 et
4007 2244 4047 2290 e
4096 2236 4344 2291 contra
4397 2235 4606 2310 parte
4664 2223 4739 2288 15

881 2347 1138 2407 eorum,
1188 2329 1581 2417 litterasque
1643 2340 2074 2415 portaverat:
2139 2329 2331 2415 quod
2377 2329 2738 2395 confessus
2785 2341 2889 2395 est
2935 2330 3023 2397 de
3069 2328 3281 2415 plano
3327 2339 3396 2395 et
3441 2351 3649 2394 manu
3695 2330 3982 2416 propria
4025 2330 4159 2396 hec
4206 2330 4606 2416 detemptus

877 2436 1173 2522 scripsit.

1053 2544 1186 2612 Die
1233 2545 1569 2633 vigesimo
1614 2556 1809 2611 sexto
1854 2546 2126 2634 augusti
2170 2544 2486 2631 predicte
2532 2555 2781 2632 gentes
2828 2544 3135 2622 ducales,
3183 2566 3319 2631 que
3378 2566 3451 2610 se
3514 2543 3885 2610 univerant
3945 2544 4017 2609 in
4079 2543 4423 2632 Viqueria
4468 2565 4605 2630 pro

878 2652 1351 2717 succurrendo
1398 2652 1749 2729 Terdone‚
1783 2663 2117 2738 ceperunt
2150 2663 2219 2717 et
2251 2651 2682 2717 intraverunt
2728 2661 3030 2716 castrum
3076 2649 3314 2716 Pontis
3360 2651 3658 2730 Corone,
3706 2652 3899 2738 quod
3945 2650 4270 2716 dominus
4313 2650 4600 2719 Rober-

876 2766 984 2821 tus
1031 2755 1420 2824 obtinuerat
1465 2779 1551 2823 ex
1594 2759 1816 2847 gratia
1862 2759 2215 2823 hominum
2261 2768 2337 2823 ut
2383 2778 2612 2844 supra,
2659 2758 2973 2844 illudque
3004 2758 3077 2822 in
3111 2768 3332 2823 totum
3365 2768 3922 2837 sacomana-runt,
3971 2768 4043 2823 et
4084 2758 4249 2844 igne
4297 2768 4370 2824 et
4399 2758 4601 2823 ferro
4651 2734 4738 2822 20

875 2862 1321 2929 devastarunt
1366 2865 1456 2931 ad
1504 2865 1894 2950 exemplum
1939 2864 2229 2929 aliorum
2274 2863 2684 2949 populorum
2733 2874 2805 2930 et
2848 2877 3206 2930 terrorem.
3539 2939 3556 2947 ,

1048 2968 1367 3037 Obtinuit
1412 2992 1690 3059 quoque
1735 2971 1923 3036 idem
1970 2970 2293 3037 dominus
2337 2968 2696 3037 Robertus
2741 2981 3041 3036 castrum
3086 2970 3438 3058 Viguzolli
3482 2970 3816 3061 territorij
3867 2969 4367 3049 Terdonensis‚
4400 2970 4601 3058 quod

874 3074 1239 3141 tenebatur
1268 3098 1399 3163 per
1430 3078 1783 3143 dominum
1810 3077 2247 3144 Ludovicum
2276 3077 2364 3143 de
2391 3077 2450 3141 F
2455 3076 2728 3155 olliano,
2753 3077 3068 3164 illudque
3097 3076 3335 3143 habuit
3360 3096 3448 3144 ex
3469 3074 3915 3163 beneplacito
3939 3076 4312 3155 hominum,
4338 3075 4599 3163 quibus

872 3201 1011 3246 non
1057 3184 1314 3249 amovit
1357 3194 1792 3269 potestatem,
1839 3183 1965 3249 sed
2011 3184 2230 3249 solum
2276 3182 2410 3248 illis
2457 3184 2709 3251 detulit
2763 3183 3250 3271 juramentum,
3314 3185 3502 3269 quod
3561 3194 3793 3249 essent
3846 3182 4085 3248 fideles
4130 3181 4595 3267 illustrissimo

874 3288 1155 3353 domino
1203 3289 1369 3355 duci
1414 3288 1800 3356 Mediolani
1846 3289 2150 3378 Johanni
2199 3288 2480 3368 Galeaz,
2529 3290 2769 3376 eisque
2811 3288 3177 3374 promissit,
3226 3291 3414 3376 quod
3461 3310 3602 3354 non
3650 3289 3996 3355 solverent
4044 3288 4336 3374 amplius
4390 3300 4592 3354 taxas
4643 3288 4730 3353 25

873 3412 1231 3481 equorum,
1263 3415 1394 3461 nec
1427 3394 1687 3461 sallem.
1779 3396 1869 3462 Et
1915 3394 2216 3475 dicebat,
2262 3396 2456 3482 quod
2499 3396 2647 3480 ipse
2695 3408 2765 3462 et
2811 3395 3130 3461 dominus
3160 3396 3565 3465 Ludovicus
3598 3394 3884 3461 Storcia
3913 3393 4242 3462 volebant
4276 3413 4428 3459 esse
4463 3394 4594 3460 de-

870 3503 1183 3569 fensores
1229 3502 1404 3570 dicti
1453 3503 1652 3570 ducis
1696 3514 1764 3569 et
1806 3502 1945 3569 hoc
1990 3514 2064 3569 ut
2109 3502 2404 3590 populos
2450 3502 2819 3580 deviarent
2862 3523 2905 3568 a
2950 3502 3087 3569 fide
3134 3514 3348 3569 status
3391 3515 3461 3568 et
3503 3499 3634 3567 sibi
3680 3502 3941 3568 amicos
3973 3501 4387 3577 redderent3
4422 3522 4590 3567 cum

862 3631 1002 3697 quo
1050 3609 1332 3676 domino
1379 3610 1695 3677 Roberto
1743 3611 2035 3676 aderant
2080 3610 2309 3677 dictus
2355 3608 2679 3676 dominus
2708 3608 3130 3688 Ludovicus,
3166 3610 3483 3676 dominus
3513 3607 3853 3675 Obiectus
3884 3620 3954 3674 et
3974 3609 4329 3695 Johannes
4366 3608 4590 3675 Lovi-

866 3717 1003 3783 sius
1050 3717 1141 3784 de
1187 3718 1440 3785 Flisco.

1037 3822 1403 3893 Prefactus
1450 3825 1769 3893 dominus
1811 3825 2166 3892 Robertus
2211 3847 2368 3893 com
2418 3826 2698 3892 domino
2758 3826 3127 3893 Ludovico
3183 3824 3466 3892 Sforcia
3512 3844 3598 3891 ea
3644 3824 3779 3902 die,
3828 3845 3966 3910 qua
4012 3835 4350 3910 ceperunt
4395 3825 4580 3889 Ter·
4631 3828 4725 3890 30

858 3930 1135 4011 donam,
1187 3932 1637 3999 obtinuerunt
1691 3933 1895 3999 etiam
1941 3933 2313 3998 citadelam
2375 3935 2445 3998 et
2505 3943 2808 3997 castrum
2870 3933 3202 3998 Terdone
3265 3930 3666 4016 proditione
3713 3929 4108 4007 castellani;
4159 3930 4418 3996 deinde
4466 3931 4575 3996 di-

854 4050 1247 4104 scurrentes
1277 4039 1431 4105 illas
1460 4052 1714 4125 partes,
1749 4039 1982 4105 omnia
2030 4050 2257 4105 castra
2301 4038 2806 4118 Terdonensia,
2855 4060 2939 4105 ac
2989 4039 3199 4105 etiam
3247 4034 3847 4115 Castrumnovum,
3896 4036 4139 4113 SallaS,
4187 4058 4324 4123 que
4373 4049 4577 4103 erant

858 4143 1120 4210 domini
1168 4143 1393 4225 Cichi,
1439 4146 1831 4231 Pioper'am‚
1878 4145 2395 4233 Bassignanam,
2440 4143 2864 4211 Vallentiam
2913 4156 2984 4211 et
3026 4142 3359 4233 Burgum'
3405 4143 3854 4230 Bassignane,
3903 4142 4223 4209 dicentes
4269 4162 4356 4206 ea
4416 4142 4578 4208 loca

857 4271 1109 4336 capere
1158 4252 1442 4318 nomine
1490 4251 1757 4318 domini
1801 4250 1998 4317 ducis
2045 4263 2115 4318 et
2160 4251 2437 4316 domine
2487 4252 2758 4317 ducisse
2822 4251 3207 4318 Mediolani
3256 4261 3325 4317 et
3372 4262 3701 4337 tanquam
3734 4270 3976 4315 eorum
4009 4258 4299 4314 tuttores
4345 4259 4418 4314 et
4448 4250 4575 4314 de-

850 4357 1186 4437 fensores,
1235 4371 1625 4445 prestantes
1669 4357 2064 4424 hominibus
2109 4358 2415 4443 ipsorum
2463 4357 2774 4424 locorum
2819 4360 3211 4448 juramenta
3256 4356 3604 4423 fidelitatis
3649 4376 3777 4442 pro
3825 4354 4035 4420 dictis
4080 4355 4382 4420 dominis
4445 4355 4575 4421 du-
4625 4355 4715 4421 35

848 4462 1064 4541 cibus,
1096 4484 1181 4530 ac
1215 4465 1316 4531 eis
1348 4465 1660 4530 levantes
1690 4475 1883 4529 taxas
1916 4483 2251 4551 equorum
2288 4473 2356 4529 et
2385 4463 2597 4543 sallis,
2630 4482 2763 4530 nec
2795 4476 3234 4531 removentes
3279 4462 3626 4528 officiales.
3717 4460 4217 4548 Fabricarique
4247 4461 4578 4526 fecerunt

847 4591 1052 4658 super
1080 4572 1365 4638 flumine
1396 4571 1571 4638 Padi
1604 4591 1823 4658 prope
1869 4568 2363 4658 Bassignanam
2392 4591 2603 4636 unum
2637 4583 2923 4657 pontem
2952 4592 3161 4657 super
3191 4569 3480 4636 navibus
3510 4582 3578 4635 et
3608 4567 4048 4645 molendiniS,
4083 4566 4340 4633 deinde
4373 4581 4574 4634 recto

845 4680 1116 4745 tramite
1162 4691 1583 4765 perexerunt
1626 4677 1719 4744 ad
1762 4689 2036 4765 portam
2079 4675 2536 4755 Alexandrie,
2585 4688 2980 4744 exortantes
3027 4676 3220 4744 cives
3264 4678 3357 4742 ad
3402 4675 3855 4763 prestandum
3896 4672 4356 4761 juramentum
4401 4673 4573 4740 fide-

849 4785 1061 4853 litatis
1105 4799 1174 4853 et
1219 4787 1311 4853 ad
1355 4786 1868 4872 acceptandum
1915 4804 2037 4851 eos
2081 4785 2152 4850 in
2202 4784 2509 4850 civitate.
2605 4782 2882 4861 Quibus
2942 4781 3401 4851 Alexandrini
3444 4783 3978 4868 responderunt,
4041 4782 4179 4846 hoc
4229 4780 4414 4846 nolle
4462 4780 4574 4846 fa-

845 4912 1027 4971 cere,
1074 4892 1210 4960 nisi
1254 4892 1593 4959 haberent
1640 4891 1903 4959 litteras
1948 4913 1991 4956 a
2037 4891 2334 4956 dominis
2381 4890 2677 4957 ducibus
2723 4902 2794 4956 et
2837 4892 3028 4978 quod
3073 4892 3254 4957 irent
3300 4911 3429 4976 pro
3475 4889 3685 4956 factis
3732 4888 3889 4955 suis.
3983 4885 4128 4964 Qui
4175 4886 4370 4954 cives
4399 4887 4570 4952 mis-
4619 4891 4712 4953 40

837 5010 1073 5065 serunt
1120 5011 1412 5087 quatuor
1472 5011 1780 5065 oratores
1840 4996 2336 5076 Mediolanum,
2396 5009 2474 5063 ut
2532 4999 2668 5064 hec
2715 4997 3160 5063 notificarent
3223 4997 3521 5063 dominis
3570 4995 3864 5062 ducibus
3927 5005 3996 5059 et
4041 5013 4282 5059 eorum
4352 4994 4566 5059 fidem

839 5106 1365 5185 demostrarent‚
1415 5127 1457 5170 a
1502 5105 1751 5193 quibus
1811 5104 2115 5192 benigne
2174 5104 2302 5170 visi
2364 5116 2543 5192 sunt,
2592 5124 2674 5169 ac
2739 5103 3015 5170 liberati
3078 5104 3270 5171 datio
3331 5103 3763 5180 imbotatur-e,
3826 5103 4017 5190 quod
4066 5097 4572 5167 Alexandrinis

837 5225 982 5279 erat
1027 5214 1397 5278 maximum
1447 5212 1725 5280 datium.

1017 5320 1448 5388 Castellanus
1492 5319 1859 5408 Viglevani
1902 5332 2123 5396 status
2166 5319 2553 5387 Mediolani
2597 5319 2983 5399 fidissimus,
3030 5318 3342 5385 simulate
3374 5330 3444 5384 et
3475 5317 3601 5384 sub
3633 5315 3898 5402 duplici
3943 5326 4238 5382 tractatu
4284 5316 4570 5381 vocavit

845 5428 1199 5496 dominum
1246 5428 1652 5506 Robertum‚
1703 5428 1813 5493 cui
1859 5427 2216 5514 pollicitus
2263 5439 2366 5494 est
2413 5447 2668 5506 arcem,
2716 5439 2791 5493 ut
2852 5427 3044 5492 illum
3105 5439 3391 5513 caperet
3452 5439 3522 5493 et
3567 5425 3779 5492 tantis
3825 5423 4053 5490 mallis
4097 5423 4564 5510 finemimpo-
4610 5423 4701 5489 45

837 5549 1054 5614 neret,
1102 5538 1193 5604 de
1241 5556 1380 5623 quo
1428 5536 1613 5602 idem
1662 5536 1981 5601 dominus
2028 5534 2381 5602 Robertus
2426 5535 2741 5620 previsus
2786 5534 3033 5601 nolluit
3079 5535 3297 5600 rectia
3344 5533 3598 5600 subire.

1004 5644 1139 5708 Die
1185 5643 1497 5709 secundo
1544 5642 1951 5728 septembris
2005 5641 2170 5712 1479
2217 5641 2496 5708 illustris
2529 5642 2848 5708 dominus
2880 5642 3022 5708 dux
3050 5641 3389 5706 Hercules
3419 5639 3740 5707 Extensis
3770 5638 4117 5728 generalis
4150 5638 4562 5725 capitaneus

830 5750 967 5840 lige
1015 5749 1316 5816 existens
1361 5750 1432 5814 in
1478 5750 1753 5836 agmine
1783 5749 2346 5814 Florentinorum
2393 5749 2486 5815 ad
2530 5749 2848 5815 Montem
2892 5748 3353 5835 Imperialem‚
3401 5758 3689 5815 vocatus
3737 5768 3779 5812 a
3824 5745 4119 5814 ducibus
4164 5743 4560 5811 Mediolani

828 5854 1118 5923 intravit
1162 5855 1479 5922 Parmam
1527 5874 1686 5921 com
1732 5855 2252 5941 quatuorcentis
2299 5854 2645 5942 equitibus
2676 5866 2748 5922 et
2781 5854 3101 5921 ducentis
3130 5853 3503 5940 peditibus,
3538 5852 3914 5919 associatus
3963 5852 4050 5919 ab
4099 5852 4431 5938 episcopo
4480 5863 4551 5916 et

824 5963 1289 6055 gubernatore
1346 5961 1619 6040 Parme,
1667 5982 1709 6027 a
1754 5961 2033 6028 domino
2081 5962 2361 6028 Sforcia
2405 5961 2705 6030 naturali
2749 5974 2819 6028 et
2865 5961 3147 6027 domino
3193 5960 3613 6051 Raymondo
3659 5964 3909 6046 Luppo
3954 5972 4024 6026 et
4067 5981 4110 6024 a
4153 5957 4386 6024 multis
4429 5979 4559 6043 pe·
4605 5955 4700 6024 50
