4895 7066
506 2093 658 2145 Mun„
688 2091 769 2134 3³⁶

579 2317 622 2348 ὅ.
652 2313 765 2354 7217

589 4672 626 4700 c-
668 4666 781 4706 757

917 527 1011 601 68
2203 527 2680 602 cRoNch
2739 528 3321 601 GESTORUM
3810 486 3910 612 [A.
3952 545 4118 599 1480
4159 544 4628 615 mmo-apae]

909 676 1394 689 ...anawanum-numnmeo-
1400 676 2881 687 ¹·n·-·-=—ae-u-n-u-u-uounueumn·unnou-onnon·--nonen-...evv-n-u-00-00..0··-an···-·-··<--·-=---u---·-m....‹
2887 677 3238 685 ..un-a-nu---n-uuo-on..-
3244 678 3346 686 ...ηοω
3349 677 3590 686 ··················
3605 678 4208 688 ‹nnm--uo--o--m-m--u-m

897 802 1118 858 torem
1165 801 1237 857 et
1278 789 1453 857 alios
1498 812 1587 857 ex
1632 789 2141 878 principalibus
2186 789 2482 877 squadre
2529 789 2780 857 Rubee
2842 789 3292 869 trucidarent,
3355 810 3647 879 quorum
3693 791 3923 857 nullus
3943 784 4061 858 ‘ad
4106 792 4328 878 ipsum
4373 795 4633 861 festum

909 896 1241 964 accessit:
1287 896 1589 984 prefacti
1633 897 1958 967 dominus
2004 898 2375 984 episcopus
2422 909 2494 963 et
2535 896 2958 986 gubernator
3002 897 3289 963 multum
3335 917 3410 963 se
3460 916 3618 964 com
3667 897 3934 964 civibus
3980 898 4494 966 condoluerunt
4541 901 4631 967 de

906 1015 1101 1071 tanta
1144 1004 1426 1071 audatia
1469 1004 1812 1072 dictorum
1862 1004 2337 1091 Capisa-orum,
2386 1024 2622 1070 coram
2668 1001 2919 1090 quibus
2966 1004 3250 1070 domino
3295 1005 3653 1109 episcop0,
3715 1003 4133 1083 offitialibuS,
4197 1007 4502 1072 antianis
4563 1021 4633 1075 et

889 1110 1176 1181 ,civibus
1207 1111 1397 1179 facta
1427 1111 1653 1177 extitit
1681 1110 1876 1190 fides,
1908 1110 2229 1198 qualliter
2273 1111 2444 1178 dicti
2493 1121 2786 1197 quatuor
2815 1109 3051 1175 militis
3082 1110 3429 1177 occisores
3473 1111 3835 1177 misserant
3864 1111 4130 1177 dictum
4174 1113 4632 1201 gubernatori

904 1228 1239 1304 pretacto,
1285 1217 1475 1305 quod
1517 1216 1741 1304 ipsum
1787 1229 2188 1297 mactarent,
2234 1218 2343 1283 vel
2390 1216 2538 1284 eius
2582 1216 2798 1282 filium
2831 1216 2903 1281 in
2932 1216 3159 1293 brevi3
3195 1217 3385 1303 quod
3415 1215 3619 1283 bonis
3647 1229 3717 1284 et
3747 1218 3959 1284 rectis
4004 1218 4171 1284 viris
4203 1221 4633 1305 permaxime
4725 1220 4766 1285 5

905 1324 1278 1410 displicuit.

1076 1430 1492 1499 Laurentius
1519 1430 1843 1499 Medicus
1875 1432 2335 1511 Florentinus,
2369 1431 2491 1520 qui
2527 1452 2708 1498 anno
2739 1431 3052 1519 proxime
3086 1450 3289 1498 curso
3313 1444 3701 1499 accesserat
3723 1431 4116 1518 Neapolim,
4148 1432 4282 1498 1100
4315 1445 4637 1520 tempore

904 1538 1121 1604 illatis
1167 1551 1238 1605 et
1282 1558 1439 1606 com
1486 1538 1670 1605 bona
1712 1560 1891 1625 pace
1934 1540 2143 1629 regis,
2189 1560 2274 1604 ac
2323 1559 2480 1606 com
2526 1539 2958 1606 restitutione
3003 1549 3382 1605 castrorum
3428 1540 3500 1603 in
3546 1559 3717 1626 agro
3778 1540 4183 1606 Florentino
4241 1554 4633 1626 occupato-

904 1669 1079 1726 rum,
1125 1646 1338 1735 redijt
1381 1646 1804 1715 Florentiam
1866 1659 1937 1715 et
1982 1669 2025 1713 a
2070 1668 2234 1735 rege
2300 1648 2485 1712 visus
2545 1658 2648 1712 est
2710 1645 2849 1711 leto
2908 1658 2977 1711 et
3033 1646 3343 1735 Jocundo
3403 1646 3656 1724 animo,
3718 1667 3803 1711 ac
3867 1647 4234 1732 splendide
4303 1646 4626 1715 donatus.

908 1753 1045 1821 Cui
1088 1753 1240 1842 regi
1284 1752 1699 1820 Laurentius
1726 1754 1881 1838 ipse
1916 1754 2131 1819 multa
2175 1753 2494 1840 preciosa
2527 1752 2958 1820 condonavit
2989 1764 3057 1819 et
3088 1754 3382 1819 maxime
3414 1753 3660 1840 giolias
3689 1753 3754 1818 ei
3785 1752 3956 1818 alias
3985 1769 4115 1839 pro
4146 1772 4400 1842 guerra
4430 1755 4634 1841 regni
4688 1756 4773 1820 10

919 1858 1051 1925 sibi
1096 1858 1533 1947 impignatas.
1624 1860 1762 1925 Hic
1809 1860 2020 1926 etiam
2064 1859 2484 1925 Laurentius
2525 1859 2827 1946 Neapoli
2873 1860 3124 1925 exemit
3160 1881 3200 1924 a
3230 1859 3530 1925 vinculis
3562 1859 3944 1949 gallearum
3978 1871 4259 1926 centum
4290 1863 4636 1945 captivos,

913 1985 1086 2054 quos
1129 1977 1321 2033 veste
1364 1977 1436 2033 et
1480 1965 1745 2054 ca'lligis
1790 1966 2004 2053 panni
2046 1965 2289 2032 viridis
2333 1966 2583 2044 induit,
2633 1986 2716 2031 ac
2764 1965 3047 2032 cuilibet
3093 1986 3331 2033 eorum
3378 1966 3622 2032 decem
3670 1986 3917 2032 aureos
3962 1978 4065 2033 est
4108 1966 4484 2054 ellargitus.

1094 2072 1226 2137 Die
1271 2072 1609 2162 vigesimo
1653 2072 1881 2160 primo
1926 2073 2152 2163 martij
2202 2073 2531 2159 armigeri
2575 2070 2885 2138 illustris'
2929 2071 3197 2139 domini
3244 2071 3565 2150 Roberti‚
3599 2072 3720 2160 qui
3749 2092 3937 2138 anno
3967 2072 4284 2158 proxime
4316 2094 4526 2140 curso
4561 2073 4636 2139 in

907 2178 1257 2265 principio
1301 2179 1573 2268 hyemis
1615 2179 1891 2245 iverant
1935 2180 2009 2245 in
2054 2179 2543 2257 Romandiola,
2589 2178 2848 2245 reversi
2892 2190 3052 2244 sunt
3095 2178 3172 2243 in
3205 2178 3562 2243 Parmensi
3597 2178 3687 2244 ob
3719 2198 3965 2265 pacem
3997 2179 4257 2244 factam
4288 2191 4366 2245 ut
4398 2199 4634 2264 supra.

1092 2285 1446 2374 Vigesimo
1492 2287 1737 2373 quinto
1782 2285 2054 2373 marcii,
2101 2305 2245 2373 quo
2288 2284 2710 2352 cellebratur
2753 2282 3213 2351 Annuntiatio
3261 2283 3464 2351 beate
3510 2284 3840 2372 Virginis,
3888 2285 3959 2350 in
4005 2304 4205 2350 mane
4240 2305 4398 2350 com
4447 2285 4639 2365 tubis
4691 2286 4770 2350 15

912 2392 985 2457 in
1030 2390 1243 2478 pleno
1287 2393 1547 2478 populo
1593 2405 1751 2460 sunt
1793 2392 2145 2479 publicate
2192 2392 2380 2459 dicte
2426 2393 2660 2459 littere
2713 2392 2998 2458 ducales
3044 2392 3243 2478 pacis
3303 2392 3626 2457 universe
3688 2391 3908 2468 Italic,
3965 2413 4052 2457 ex
4110 2413 4248 2479 quo
4311 2392 4638 2458 triduana

909 2499 1259 2585 processio
1307 2519 1464 2566 com
1511 2500 1850 2566 sonitibus
1896 2520 2389 2587 campanarum
2452 2499 2717 2566 festivis
2763 2500 2954 2565 facta
3015 2498 3149 2563 fuit
3192 2510 3262 2565 et
3326 2518 3482 2563 cum
3544 2497 3881 2587 fallodijs,
3947 2499 4227 2565 domino
4274 2499 4637 2584 episcopo,

914 2617 1085 2673 totto
1135 2605 1346 2685 clero,
1394 2607 1714 2674 omnibus
1760 2607 2099 2694 religiosis
2129 2619 2199 2673 et
2229 2605 2491 2693 populo
2522 2605 3128 2693 processionaliter
3156 2602 3499 2682 euntibus,
3534 2605 4072 2692 omnipotentem
4103 2605 4331 2672 Deum
4364 2617 4437 2671 et
4468 2605 4637 2671 bea-

920 2724 1060 2779 tam
1106 2712 1475 2801 Virginem
1523 2712 1961 2781 laudantibus
2005 2726 2075 2780 et
2121 2734 2380 2780 osanna
2425 2712 2902 2779 clamantibus.

1090 2820 1244 2886 Hoc
1292 2841 1528 2886 mense
1573 2822 1844 2910 marcij,
1891 2820 2217 2909 quoniam
2262 2819 2480 2886 multa
2525 2820 2836 2886 enormia
2878 2819 3138 2885 fiebant
3181 2819 3456 2885 Mutine
3502 2820 3761 2906 absque
3808 2819 3950 2885 ulla
3992 2819 4379 2906 punitione,
4414 2819 4636 2905 depu-
4687 2822 4778 2885 20

911 2939 1095 2994 tatus
1139 2927 1275 2995 fuit
1318 2949 1444 3014 per
1487 2928 2019 2995 illustrissimum
2065 2928 2421 2993 dominum
2470 2928 2718 2994 ducem
2763 2926 3042 2993 Ferarie
3087 2938 3159 2994 et
3202 2926 3368 2993 illuc
3415 2927 3658 2992 missus
3702 2947 3832 3012 pro
3879 2926 4316 2993 correctione
4347 2928 4639 2993 seditio-

917 3055 1147 3101 sorum
1193 3035 1601 3126 magnificus
1646 3035 1968 3102 dominus
2010 3033 2429 3101 Laurentius
2475 3035 2565 3101 de
2610 3034 2895 3101 Pisauro
2939 3053 3095 3100 com
3156 3033 3492 3100 comitiva
3550 3035 3917 3099 multorum
3981 3033 4293 3119 peditum
4348 3045 4418 3100 et
4478 3054 4638 3100 com

917 3143 1221 3207 maxima
1265 3153 1606 3228 potestate
1654 3155 1725 3209 et
1769 3142 2209 3221 auctoritate,
2257 3142 2455 3206 cuius
2499 3140 2987 3230 gubernationi
3050 3141 3258 3207 etiam
3303 3139 3583 3207 suberat
3628 3141 3948 3229 Regium,
3995 3139 4118 3206 ubi
4163 3141 4374 3206 etiam
4420 3141 4642 3206 multa

915 3248 1230 3314 enormia
1272 3248 1551 3327 fiebant,
1598 3249 1670 3315 in
1717 3249 1915 3315 cuius
1960 3250 2262 3316 adventu
2306 3248 2561 3315 infiniti
2609 3247 2897 3335 capistri
2942 3259 3131 3313 metu
3173 3247 3429 3335 justitie
3479 3269 3517 3313 e
3564 3248 3794 3333 patria
3852 3247 3929 3312 in
3987 3248 4252 3313 alienas
4312 3248 4642 3334 regiones

917 3355 1360 3443 aufugerunt.
4692 3354 4775 3418 25

1091 3462 1394 3529 Videtur
1438 3463 1644 3543 enim,
1690 3462 1880 3551 quod
1927 3463 2003 3528 in
2045 3483 2245 3550 pace,
2308 3463 2396 3529 de
2458 3484 2597 3551 qua
2657 3483 2867 3549 supra
2910 3462 3177 3528 dictum
3240 3473 3360 3542 est,
3425 3481 3564 3527 non
3624 3461 4128 3527 intervenerint
4172 3461 4454 3542 Veneti,
4510 3463 4641 3528 sed

921 3569 1096 3636 bene
1142 3572 1410 3657 possint
1457 3589 1612 3637 com
1660 3570 1866 3637 certis
1912 3569 2429 3637 conditionibus
2475 3571 2547 3635 in
2594 3592 2680 3636 ea
2722 3570 2798 3635 in
2843 3580 3034 3636 certo
3065 3568 3357 3635 termino
3386 3568 3671 3635 intrare.
3764 3568 3855 3635 Et
3899 3567 3991 3635 ob
4022 3568 4159 3634 hoc
4191 3582 4438 3635 exorta
4469 3591 4641 3654 qua-

921 3678 1084 3746 dam
1130 3676 1531 3763 suspitione,
1577 3676 1833 3744 Veneti
1879 3676 2018 3763 ipsi
2061 3677 2435 3744 misserunt
2482 3679 2556 3742 in
2604 3674 2938 3742 Brisiensi
2988 3696 3157 3763 agro
3205 3675 3296 3742 ad
3342 3676 3644 3742 confinia
3683 3674 3876 3762 juxta
3906 3675 4160 3740 flumen
4191 3673 4330 3762 Olij
4385 3674 4644 3741 multas

919 3796 1198 3871 gentes3
1247 3795 1317 3850 et
1363 3806 1401 3850 e
1449 3803 1791 3850 converso
1825 3795 1896 3850 et
1929 3806 2016 3850 ex
2049 3784 2372 3871 opposito
2404 3785 2712 3870 ipsorum
2747 3783 3140 3863 confinium,
3172 3793 3390 3849 status
3420 3781 3814 3849 Mediolani
3843 3781 4063 3846 missit
4093 3781 4363 3869 aliquas
4394 3794 4646 3870 gentes

920 3890 1314 3977 armigeras.
1406 3887 1605 3967 Quid
1650 3903 1880 3957 autem
1925 3903 2272 3980 sequetur,
2320 3891 2664 3957 incertum
2712 3902 2836 3957 est.
4697 3890 4784 3956 30

1070 3997 1257 4064 -Hoc
1302 4009 1618 4083 tempore
1662 3997 1917 4063 mensis
1961 3997 2201 4085 marcij
2254 3997 2649 4083 detemptus
2692 3998 2827 4063 fuit
2874 3994 3143 4063 Cesene
3188 3996 3510 4063 dominus
3539 3996 3940 4083 patriarcha
3971 3996 4117 4060 illic
4149 4016 4278 4080 pro
4323 3994 4648 4060 Ecclesia

927 4103 1231 4170 existens
1274 4104 1719 4192 gubernator,
1769 4104 1890 4191 qui
1939 4115 2043 4170 est
2090 4103 2421 4183 Venetus,
2470 4104 2561 4170 de
2607 4125 2745 4191 quo
2793 4103 3009 4168 multa
3057 4104 3399 4182 dicuntur,
3447 4104 3747 4169 maxime
3782 4103 3972 4190 quod
4002 4100 4297 4169 Venetis
4326 4100 4646 4180 favebat,

925 4211 1317 4298 ductusque
1363 4210 1504 4277 fuit
1546 4210 1867 4278 Romam.

1105 4318 1374 4397 Quarto
1423 4317 1538 4384 die
1584 4317 1852 4404 aprillis
1906 4317 2073 4384 1480
2137 4317 2458 4385 dominus
2517 4317 2865 4383 Antonius
2923 4317 3211 4383 Trottus
3270 4318 3359 4383 de
3421 4315 3852 4383 Alexandria
3905 4316 4154 4382 Parme
4213 4315 4648 4403 gubernator

926 4426 1215 4492 recessit
1261 4436 1333 4490 et
1378 4424 1510 4491 ivit
1553 4423 1629 4489 in
1674 4424 1991 4511 patriam,
2042 4424 2439 4512 diciturque
2486 4426 2713 4511 ipsum
2762 4423 3057 4509 amplius
3102 4442 3243 4489 non
3287 4424 3694 4491 rediturum.
3787 4423 3970 4489 Nam
4017 4425 4225 4488 homo
4268 4422 4385 4486 hic
4419 4420 4650 4488 bonus
4698 4419 4780 4486 35

922 4543 1072 4598 erat
1116 4543 1374 4617 pastor,
1423 4531 1550 4597 sed
1596 4551 1737 4597 non
1783 4543 1986 4616 aptus
2032 4531 2181 4597 talli
2227 4530 2578 4620 regimini.

1109 4638 1355 4704 Tertio
1401 4636 1668 4722 aprillis
1711 4637 2048 4704 antedicti
2092 4637 2227 4703 fuit
2270 4637 2644 4703 maximum
2689 4636 2933 4726 frigus,
2965 4657 3050 4704 ac
3083 4638 3304 4704 uinxit
3337 4648 3407 4704 et
3435 4638 3685 4726 glaties
3729 4636 4074 4723 apparuit,
4107 4634 4296 4722 quod
4325 4632 4654 4700 omnibus

932 4743 1067 4811 fuit
1109 4745 1382 4812 mirum.

1103 4850 1439 4937 Superius
1483 4850 1711 4937 primo
1755 4849 1992 4937 marcij
2042 4852 2373 4936 scriptum
2422 4862 2546 4927 est,
2595 4850 2922 4936 qualliter
2964 4852 3083 4939 xij.
3130 4852 3420 4941 juvenes
3465 4850 3709 4916 lascivi
3763 4850 3937 4939 jussi
3996 4850 4271 4915 fuerant
4320 4849 4426 4912 ire
4491 4847 4651 4913 Me-

926 4958 1303 5026 diolanum.
1397 4957 1602 5023 Nunc
1647 4968 1879 5022 autem
1927 4957 2204 5034 dicitur,
2252 4957 2439 5044 quod
2488 4957 2883 5023 nolluerunt
2926 4956 3237 5023 obedire.
3329 4958 3421 5025 Et
3476 4979 3687 5024 causa
3747 4969 3873 5034 est,
3936 4956 4098 5043 quia
4160 4954 4349 5020 nulla
4411 4954 4513 5020 ibi
4573 4955 4654 5018 fit
4701 4955 4786 5017 40

923 5065 1188 5152 justitia
1234 5076 1308 5130 et
1352 5085 1593 5132 omnes
1638 5064 1790 5129 sine
1833 5074 2023 5129 metu
2067 5084 2260 5130 arma
2306 5064 2562 5142 ferunt,
2609 5064 2895 5130 vaditur
2938 5066 3013 5129 in
3059 5076 3265 5132 nocte
3310 5086 3441 5149 per
3484 5064 3862 5130 insolentes
3908 5063 3978 5129 in
4023 5063 4324 5128 maximo
4355 5081 4652 5125 numero

932 5183 999 5238 et
1043 5172 1452 5240 catervatim
1497 5191 1652 5237 com
1699 5169 1931 5250 8111118,
1978 5170 2209 5236 hostia
2255 5180 2325 5236 et
2370 5172 2678 5237 fenestre
2725 5170 2982 5237 civium
3029 5170 3538 5257 propulsantur,
3586 5171 3804 5237 multa
3832 5171 4006 5236 fiunt
4049 5170 4257 5248 furta,
4304 5187 4438 5233 nec
4485 5187 4656 5253 pro-

930 5279 1231 5348 videtur.

1111 5385 1390 5472 Scripte
1437 5396 1596 5452 sunt
1644 5383 1869 5451 littere
1916 5386 2053 5452 hoc
2099 5404 2332 5451 mense
2379 5384 2648 5470 aprillis
2701 5384 2870 5450 1480
2915 5407 2958 5450 a
3004 5384 3339 5473 magistro
3387 5385 3599 5464 Rodi,
3647 5384 3971 5473 qualliter
4031 5383 4318 5470 quidam
4380 5382 4653 5466 capita-

935 5511 1107 5558 neus
1166 5492 1402 5581 magni
1462 5490 1728 5558 Turchi
1787 5511 1943 5556 com
2005 5502 2280 5557 centum
2327 5491 2838 5579 quinquaginta
2900 5490 3191 5556 navibus
3244 5491 3530 5557 armatis
3589 5501 3876 5557 venerat
3921 5490 3995 5555 in
4044 5489 4270 5554 insula
4327 5488 4526 5554 Rodi
4575 5498 4651 5552 et
4700 5485 4780 5551 45

933 5597 1368 5665 descendens
1413 5597 1504 5663 ad
1551 5608 1808 5664 terram
1842 5617 1998 5662 cum
2032 5597 2117 5663 01.
2151 5597 2343 5684 equis
2372 5609 2441 5663 et
2473 5597 2705 5661 multis
2750 5596 3144 5683 pedonibus
3189 5596 3613 5662 discurrerat
3658 5596 3948 5662 insulam
3993 5595 4322 5686 faciendo
4352 5595 4651 5680 predam

932 5704 1437 5782 bestiaminum,
1488 5722 1624 5790 que
1670 5713 1912 5788 postea
1959 5713 2368 5789 recuperata
2413 5702 2548 5767 fuit
2604 5714 2674 5767 et
2723 5697 3063 5769 ‘bbsidens
3122 5721 3278 5768 com
3338 5714 3639 5789 quatuor
3698 5701 4102 5769 bombardis
4163 5701 4468 5786 quodam
4533 5720 4654 5765 ca-

934 5822 1168 5889 strum,
1214 5821 1357 5876 tum
1406 5809 1739 5895 impulsus
1785 5810 2069 5874 fortuna
2113 5810 2340 5889 maris,
2387 5819 2532 5874 tum
2564 5807 2655 5874 ob
2686 5809 2988 5874 alacrem
3037 5810 3569 5875 christianorum
3615 5809 4120 5887 defensionem,
4167 5809 4503 5873 cohactus
4548 5818 4657 5873 est

934 5916 1286 5994 recedere,
1335 5914 1639 5981 dimissis
1682 5915 1829 5979 illic
1878 5913 2280 5981 bombardis
2326 5925 2397 5981 et
2441 5915 2837 5980 interfectis
2899 5937 2986 5981 ex
3048 5914 3190 5981 suis
3233 5915 3417 5981 forte
3482 5914 4020 6001 quatuorcentis.
4113 5914 4426 6001 Cumque
4474 5913 4655 5998 apli·
4741 5921 4757 5934 “

939 6022 1192 6092 cuisset
1235 6020 1952 6106 Constamtinopolim,
2000 6020 2120 6086 ubi
2166 6021 2421 6086 aderat
2455 6019 2797 6099 TurchuS,
2844 6021 2979 6086 fuit
3024 6020 3462 6107 decapitatus
3509 6032 3580 6087 et
3634 6021 3831 6087 multi
3879 6020 3992 6109 alij
4047 6018 4407 6106 caporales
4455 6019 4652 6086 dicte
4703 6018 4783 6084 50
