4895 7066
561 2269 600 2299 c.
635 2267 747 2307 ρον

541 2587 638 2626 un„
670 2576 749 2619 3⁶⁴

561 4503 599 4534 C.
632 4503 751 4541 99⁶0

894 481 990 557 94
2172 482 2650 557 CRONICA
2706 482 3284 557 GESTORUM
3658 491 3760 562 [A
3803 494 3961 547 1481
4006 489 4607 561 genuam-reburrum

888 748 1214 827 domini0‚
1260 745 1525 818 moram
1571 751 1840 816 faceret
1891 749 2221 838 Colurnij,
2283 748 2517 816 ivisset
2574 759 2896 815 venatum
2958 748 3048 814 ad
3110 747 3383 834 lepores
3443 746 3515 812 in
3571 746 3786 833 pratis
3845 745 4141 812 Terreni
4193 765 4444 831 parum
4492 741 4605 807 di-

888 854 1219 923 stantibus
1249 877 1293 922 a
1320 855 1698 935 Collurni0,
1734 856 2050 923 concisus
2080 868 2150 923 et
2182 855 2552 922 crudeliter
2582 852 3022 921 obtruncatus
3052 854 3183 920 fuit
3205 875 3248 919 a
3272 851 3539 920 duobus
3571 852 4040 938 compatriotis
4068 851 4223 928 suis,
4250 870 4429 938 quos
4448 848 4608 935 ipse

890 982 1111 1049 penes
1154 983 1230 1029 se
1275 961 1575 1042 tenebat,
1625 962 1918 1029 credens
1961 963 2118 1030 fore
2163 959 2291 1028 sibi
2334 961 2529 1029 fidos.
2621 962 2802 1030 Nam
2831 960 2930 1049 hij
2961 958 3088 1026 sub
3117 960 3428 1046 pollicito
3458 959 3722 1046 premio
3743 949 4095 1046 ‘fingentes
4124 958 4352 1023 factos
4383 956 4608 1020 fuisse

888 1068 1151 1135 exulles
1197 1091 1240 1135 a
1280 1070 1522 1157 patria,
1584 1089 1846 1137 moram
1907 1069 1980 1135 in
2038 1068 2439 1136 famulando
2501 1065 2865 1135 trahebant
2912 1087 3068 1133 cum
3125 1067 3447 1154 prefacto
3509 1066 3742 1133 occiso
3799 1067 4055 1156 juvene
4117 1064 4400 1153 quidem
4445 1061 4611 1148 pul-

889 1174 1059 1241 chro
1105 1189 1176 1242 et
1221 1176 1547 1243 animoso·
4729 1164 4774 1230 5

1068 1280 1415 1360 Quoniam
1464 1303 1696 1349 comes
1741 1283 2086 1349 Marsilius
2128 1282 2452 1349 Torellus
2497 1282 2792 1349 existens
2818 1282 3042 1370 Janue
3072 1280 3502 1348 fideiusserat
3546 1281 3638 1347 de
3682 1293 3948 1366 septem
3979 1278 4166 1344 mille
4197 1277 4427 1343 aureis
4469 1294 4613 1362 pro

891 1388 1171 1454 domino
1216 1389 1512 1455 Mai-cho
1559 1389 1650 1455 de
1694 1388 1840 1480 Pijs
1885 1389 1975 1455 de
2005 1390 2238 1476 Carpo
2271 1402 2478 1476 capto
2509 1388 2808 1456 Sarzane
2842 1409 2885 1453 a
2914 1387 3194 1454 domino
3226 1385 3523 1454 Obiecto
3556 1387 3645 1453 de
3676 1386 3908 1453 Flisco
3941 1397 4012 1452 et
4041 1384 4249 1451 ducto
4289 1384 4615 1472 Januam,

889 1493 1079 1580 quod
1104 1492 1191 1559 ab
1213 1494 1378 1561 inde
1402 1515 1544 1562 non
1569 1496 1951 1574 recederet,
1974 1495 2091 1583 qui
2114 1508 2343 1562 tamen
2369 1495 2636 1584 aus-ugit
2657 1515 2784 1582 per
2817 1493 2998 1560 viam
3029 1494 3408 1584 gallearum
3440 1507 3511 1560 et
3540 1493 3662 1560 ivit
3690 1492 3919 1559 Pisas:
3956 1491 4197 1558 ordine
4243 1491 4415 1556 inito
4450 1508 4618 1554 com

891 1600 1421 1668 Prothonotario
1446 1603 1659 1669 fratre
1692 1599 1912 1688 [dicti]
1939 1602 2202 1670 comitis
2222 1602 2508 1692 Marsilij
2540 1602 2871 1668 existente
2894 1601 3452 1679 Monticlericuli,
3478 1600 3626 1686 ipse
3651 1598 4216 1667 Prothonotarius
4232 1596 4513 1688 juvenis
4539 1606 4617 1662 et

894 1707 1139 1786 audax,
1171 1706 1297 1773 sub
1326 1709 1489 1775 ficto
1522 1709 1784 1775 collore
1832 1707 2061 1797 aliqua
2105 1721 2374 1776 secreta
2420 1708 2830 1776 conferendi
2865 1729 3020 1775 cum
3053 1707 3218 1780 fillio
3251 1706 3421 1773 dicti
3452 1706 3711 1772 domini
3742 1706 3989 1784 Marci,
4024 1705 4356 1770 existente
4388 1701 4617 1787 Carpi
4678 1702 4774 1765 10

899 1825 970 1879 et
1015 1833 1101 1880 eo
1148 1827 1341 1881 extra
1384 1816 1688 1902 Carpum
1732 1827 2003 1895 vocato,
2051 1817 2269 1902 ipsum
2328 1816 2541 1882 filium
2597 1815 2984 1902 predictum
3047 1814 3233 1900 cepit
3294 1825 3362 1880 et
3425 1813 3706 1901 ligatum
3767 1812 3961 1878 duxit
4013 1808 4611 1878 Monticlericu10.

901 1919 1041 1986 Pro
1087 1941 1225 2008 quo
1274 1922 1616 2008 capiendo
1661 1943 1895 1988 secum
1940 1922 2132 1989 duxit
2176 1922 2631 2010 quadraginta
2674 1921 3082 1988 ballistarios
3144 1933 3495 2007 equestres
3541 1931 3611 1986 et
3654 1919 3895 2006 viginti
3941 1918 4337 2006 armigeros.
4435 1913 4614 1993 Quo

894 2037 1120 2112 capto,
1166 2048 1398 2094 rumor
1443 2028 1513 2093 in
1558 2029 1790 2115 Carpo
1840 2040 1911 2096 et
1953 2029 2133 2095 villis
2180 2027 2685 2106 adiacentibus,
2733 2049 2776 2093 a
2818 2026 3154 2093 ruralibus
3216 2027 3476 2093 levatur
3537 2038 3607 2092 et
3667 2025 3971 2112 undique
4019 2036 4089 2092 et
4133 2024 4225 2090 de
4288 2022 4450 2092 loco
4513 2022 4617 2087 ad

907 2132 1135 2199 locum
1182 2134 1451 2220 pulsata
1494 2135 1625 2202 fuit
1667 2135 1954 2201 stt-imita
2014 2155 2501 2221 campanarum
2549 2146 2619 2201 et
2657 2134 2842 2222 jacte
2905 2132 3287 2200 bombarde
3349 2145 3421 2199 et
3479 2129 3995 2221 insequentibus
4036 2128 4294 2217 ubique
4342 2129 4618 2196 dictum

894 2237 1519 2320 Prothonotarium,
1543 2253 1619 2307 ut
1643 2254 1916 2328 captum
1946 2241 2385 2321 redimerent,
2411 2242 2689 2308 tandem
2715 2241 2936 2307 dictus
2965 2240 3141 2306 filius
3173 2239 3430 2306 domini
3460 2239 3678 2326 Carpi
3703 2239 3948 2305 ductus
3978 2238 4109 2303 fuit
4130 2235 4233 2301 in'
4264 2247 4622 2323 potestate
4681 2231 4765 2299 15

894 2345 1062 2412 dicti
1109 2347 1376 2413 comitis
1428 2347 1713 2436 Marsilij
1765 2359 1834 2414 et
1878 2347 2164 2414 fratrum
2210 2347 2284 2413 in
2326 2347 2925 2426 Monteclericulo‚
2990 2347 3081 2413 ad
3142 2346 3280 2412 hoc
3326 2346 3516 2433 quod
3576 2346 3724 2432 ipse
3787 2364 4024 2411 comes
4080 2355 4524 2431 preservetm·
4579 2363 4626 2407 a

894 2451 1080 2517 dicta
1123 2453 1562 2520 fideiussione
1623 2455 1813 2520 facta
1874 2454 2115 2542 Janue,
2169 2455 2360 2541 quod
2419 2454 2734 2521 dominus
2792 2453 3075 2520 Marcus
3135 2453 3520 2519 antedictus
3577 2471 3720 2518 non
3781 2451 4165 2539 aufugeret.
4256 2448 4370 2516 Ob
4417 2449 4622 2536 quod

903 2559 1221 2625 dominus
1268 2561 1407 2628 dux
1452 2561 1733 2627 Ferarie
1778 2561 1983 2628 valde
2027 2560 2436 2649 indigna'tus
2484 2572 2605 2640 est,
2653 2561 2841 2648 quod
2885 2560 3030 2627 talli
3093 2571 3238 2626 arte
3301 2571 3371 2626 et
3429 2558 3677 2624 fraude
3738 2558 3883 2624 eius
3930 2556 4341 2624 territorium
4395 2555 4624 2621 fuerit

892 2663 1238 2744 violatum,
1285 2667 1474 2755 quod
1521 2667 1699 2754 [fuit]
1745 2668 2077 2757 vigesimo
2122 2679 2315 2733 sexto
2358 2667 2655 2757 jannarij
2707 2667 2866 2731 anni
2910 2666 3249 2753 presentis
3302 2667 3491 2732 1481.

1070 2770 1420 2850 Quoniam
1465 2774 1807 2853 Turchus,
1852 2786 1928 2840 ut
1988 2774 2226 2851 fertur,
2291 2773 2503 2840 missit
2563 2774 2653 2839 ad
2715 2773 3086 2841 Vallonam
3145 2773 3326 2839 ultra
3384 2793 3573 2838 mare
3636 2770 4088 2850 Adriaticum,
4136 2792 4225 2836 ex
4283 2770 4625 2857 opposito
4673 2771 4768 2835 20

892 2877 1187 2965 Apulee,
1233 2881 1588 2968 sexaginta
1632 2880 1817 2946 mille
1865 2880 2129 2967 equites
2175 2891 2244 2946 et
2288 2879 2574 2946 totidem
2633 2879 2905 2965 pedites
2950 2879 3349 2962 transituros
3394 2878 3465 2944 in
3509 2879 3732 2965 primo
3793 2897 3961 2945 vere
4005 2878 4079 2942 in
4122 2874 4494 2963 Apuleam,
4541 2886 4628 2939 ut

894 3006 1177 3073 gueram
1223 2986 1484 3053 faciant
1526 2986 1680 3074 regi
1724 2987 2189 3065 FerdinandO,
2252 3007 2551 3052 summus
2595 2985 2934 3072 pontifex,
2987 2999 3063 3052 ut
3116 2985 3376 3051 fideles·
3404 2985 3660 3052 Christi
3708 3007 3793 3050 ex
3835 2983 4197 3071 pastoralis
4249 2982 4354 3048 sui
4400 2981 4625 3047 offitio

897 3102 1182 3170 tueatur,
1229 3092 1592 3157 maximam
1636 3093 1955 3179 imposuit
2001 3092 2254 3159 coltam
2296 3092 2634 3159 Romanis
2682 3104 2751 3158 et
2794 3093 2946 3184 alijs
3005 3092 3143 3158 suis
3203 3092 3478 3178 populis
3520 3112 3651 3179 pro
3694 3091 3993 3178 pecunia
4040 3088 4480 3167 cumulanda,
4530 3108 4625 3153 ac

898 3198 1099 3262 etiam
1131 3209 1276 3264 tota
1305 3198 1450 3264 eius
1479 3220 1644 3264 vasa
1674 3211 2003 3287 argentea
2032 3199 2246 3265 missit
2276 3200 2365 3264 ad
2398 3199 2666 3264 cicham
2713 3212 2783 3264 et
2828 3219 2916 3265 ex
2963 3199 3060 3265 eis
3102 3219 3418 3264 nummos
3465 3198 3713 3264 confici
3760 3197 3953 3276 facit,
3985 3210 4062 3263 ut
4089 3197 4162 3262 in
4189 3196 4415 3282 prim0
4447 3214 4625 3260 vere

895 3303 1108 3389 possit
1154 3316 1429 3370 centum
1475 3306 1736 3393 galleas
1781 3325 2047 3371 armare
2077 3306 2149 3370 in
2180 3305 2501 3371 auxilium
2534 3305 2702 3372 dicti
2732 3306 2935 3393 regis.
3028 3304 3172 3384 Qui
3201 3328 3327 3371 rex
3356 3304 3665 3371 similiter
3693 3305 4002 3392 undique
4050 3303 4301 3369 auxilia
4344 3301 4621 3389 poscit3
4675 3299 4760 3364 25

897 3408 1343 3498 dubitantque
1388 3411 1710 3490 Romani,
1756 3434 1844 3477 ne
1889 3412 2211 3478 Turchus
2253 3413 2487 3478 veniat
2530 3412 2850 3491 Romam,
2895 3426 3101 3498 prout
3144 3413 3438 3478 minatur
3484 3424 3554 3478 et
3596 3424 3880 3477 narrant
3910 3411 4122 3477 multe
4151 3410 4481 3496 profetie.

1076 3517 1310 3584 Primo
1357 3517 1685 3610 februarij
1742 3518 1903 3584 1481
1957 3540 2269 3587 reversus
2316 3530 2419 3586 est
2461 3519 2780 3587 Parmam
2833 3519 3242 3587 Franciscus
3301 3518 3435 3584 Del
3498 3519 3637 3586 Fra
3682 3518 3982 3606 armiger
4024 3515 4304 3583 illustris
4349 3514 4626 3582 domini

896 3623 1190 3690 Roberti
1237 3625 1325 3691 de
1375 3624 1633 3692 Sancto
1681 3625 2016 3692 Severino
2064 3638 2132 3690 et
2179 3626 2266 3692 de
2314 3627 2613 3714 squadra
2657 3626 2897 3694 Sancti
2941 3625 3240 3704 Vitallis,
3287 3625 3405 3712 qui
3450 3625 3523 3690 in
3569 3637 3782 3691 estate
3842 3624 4163 3711 proxime
4220 3644 4423 3688 cursa
4469 3643 4625 3686 ma-

899 3741 1205 3797 ctaverat
1262 3731 1605 3797 Thomam
1654 3732 1742 3797 de
1795 3732 2082 3799 Varesio
2145 3732 2234 3797 de
2294 3733 2594 3818 squadra
2636 3731 2908 3811 Rubea,
2952 3743 3028 3798 ut
3070 3744 3418 3797 narratum
3466 3744 3570 3797 est
3615 3744 3687 3797 et
3731 3730 4022 3796 obtinuit
4066 3729 4379 3818 gratiam,
4425 3728 4629 3793 nulla

896 3850 1134 3903 secuta
1175 3857 1384 3924 pace,
1446 3839 1636 3926 quod
1698 3837 2009 3904 omnibus
2069 3838 2311 3904 mirum
2371 3839 2524 3905 fuit.
2616 3839 2772 3904 Nec
2832 3859 3137 3924 unquam
3201 3838 3698 3904 condemnatus
3759 3838 3913 3916 fuit,
3973 3849 4181 3923 prout
4240 3834 4353 3922 alij
4421 3833 4624 3899 multi
4673 3835 4760 3900 30

898 3943 1244 4009 homicide
1290 3945 1736 4031 squadrarum
1782 3944 2002 4024 trium,
2053 3956 2293 4011 contra
2336 3964 2509 4031 quos
2554 3964 2757 4009 nemo
2805 3964 3005 4010 ausus
3067 3955 3171 4009 est
3230 3943 3580 4010 testificari
3624 3941 3717 4010 ob
3761 3943 4088 4010 unionem
4148 3942 4369 4028 ipsam
4413 3940 4626 4007 trium

897 4050 1341 4136 squadrarum
1388 4050 1479 4115 ad
1524 4051 1838 4117 invicem.

1075 4156 1228 4221 Hac
1275 4157 1661 4223 eademmet
1707 4157 1820 4223 die
1869 4177 2023 4223 cum
2070 4158 2260 4225 multi
2305 4158 2549 4224 fierent
2596 4156 2835 4224 larvati
2880 4170 3236 4244 portantes
3282 4158 3610 4225 bastonos
3643 4170 3715 4225 et
3744 4179 3954 4235 arma,
4001 4168 4077 4222 ut
4106 4153 4444 4222 scandala
4475 4153 4626 4220 evi-

900 4274 1147 4339 tentur,
1191 4262 1686 4348 proclamatum
1732 4263 1864 4330 fuit
1906 4275 2100 4350 parte
2149 4263 2405 4330 domini
2451 4263 2929 4352 gubernatoris
2973 4264 3098 4331 sub
3147 4266 3342 4352 gravi
3371 4286 3577 4352 pena,
3609 4286 3698 4331 ne
3748 4264 3900 4351 quis
3949 4264 4244 4329 larvatus
4291 4260 4627 4327 bastonos

899 4386 1033 4432 nec
1078 4388 1268 4433 arma
1298 4369 1590 4436 deferat.
3267 4380 3278 4415 ¹
4673 4364 4752 4431 35

1078 4474 1441 4542 Venerunt
1479 4476 1799 4542 Parmam
1847 4477 2047 4563 copie
2093 4477 2471 4543 litterarum
2532 4478 2769 4565 quinto
2832 4478 3159 4569 februarij
3228 4478 3548 4565 predicti,
3612 4497 3751 4565 que
3811 4475 4290 4543 scribebantur
4337 4497 4426 4541 ex
4467 4473 4626 4540 An-

903 4579 1268 4666 drinopolo
1316 4582 1588 4649 civitate
1632 4584 1825 4671 regia
1866 4583 2131 4650 Turchi
2174 4605 2302 4670 per
2346 4585 2692 4671 quendam
2727 4585 3165 4651 christianum
3198 4587 3529 4652 effectum
3575 4587 4136 4651 mahumetanam
4184 4582 4421 4649 comiti
4464 4582 4630 4648 Ma-

902 4687 1142 4752 talloni
1187 4687 1259 4752 in
1303 4710 1522 4777 regno
1570 4689 1801 4756 Sicilie
1851 4690 1938 4755 de
1985 4704 2321 4776 apparatu
2379 4690 2845 4779 ingentissimo
2905 4692 3343 4759 Turchorum
3407 4705 3651 4759 contra
3695 4713 3938 4780 regem
3984 4689 4509 4758 Ferdinandum
4557 4690 4632 4753 in

902 4813 1121 4880 regno
1169 4793 1362 4879 [eius]
1411 4807 1480 4860 et
1526 4796 1642 4882 qui
1688 4808 2052 4881 apparatus
2083 4796 2331 4866 dicitur
2360 4797 2514 4863 fore
2549 4796 2637 4862 de
2669 4798 3010 4869 sexcentis
3040 4798 3335 4864 millibus
3365 4798 3850 4884 preliatoribus
3897 4810 3970 4863 et
4011 4795 4290 4863 infinitis
4333 4793 4631 4861 navibus

908 4899 1241 4988 onerarijs
1288 4913 1358 4966 et
1402 4901 1576 4986 aptis
1622 4901 1713 4966 ad
1742 4902 1994 4987 prelia3
2031 4914 2100 4968 et
2131 4903 2379 4968 dicitur
2410 4923 2644 4973 eorum
2677 4904 2959 4969 Bassam
2992 4918 3061 4970 et
3092 4905 3525 4991 capitaneum
3558 4905 3712 4970 fore
3743 4925 3957 4969 unum
3988 4924 4324 4992 generum
4354 4901 4628 4967 Turchi
4678 4903 4756 4966 40

908 5004 1189 5071 divitem
1234 5006 1435 5071 trium
1480 5006 1764 5073 millium
1809 5007 1994 5072 mille
2042 5029 2425 5076 aureorum.
2516 5009 2671 5097 Jam
2717 5010 2910 5076 multi
2957 5031 3044 5074 ex
3091 5011 3189 5076 eis
3234 5009 3538 5076 Vellone
3599 5010 4058 5096 aplicuerunt,
4108 5007 4200 5077 ob
4248 5008 4442 5095 quod
4504 5029 4633 5072 rex

908 5111 1386 5179 Ferdinandus
1431 5113 1643 5178 multa
1686 5126 2011 5200 preparat
2056 5126 2125 5180 et
2171 5115 2534 5182 collectam
2579 5115 2649 5181 in
2695 5116 3049 5183 subdictos
3093 5138 3250 5182 suos
3292 5116 3710 5204 preparavit,
3756 5115 4094 5181 infinitam
4139 5135 4434 5180 massam
4483 5115 4632 5180 auri

914 5217 1396 5283 conficientem
1428 5230 1587 5284 octo
1619 5219 1899 5285 millium
1933 5221 2120 5285 mille
2154 5222 2512 5287 aureo'rum
2547 5223 2635 5287 ad
2666 5224 3001 5314 rationem
3050 5223 3295 5289 decem
3323 5242 3453 5309 pro
3489 5223 3893 5289 centonario
3928 5221 4295 5289 cuiuslibet
4323 5221 4634 5288 subdicti

908 5322 1032 5399 sui,
1078 5324 1257 5389 inter
1300 5345 1474 5410 quos
1520 5325 1722 5390 etiam
1766 5325 2151 5415 presbyteri
2196 5340 2790 5395 connumerantur.

1084 5428 1166 5493 In
1214 5443 1419 5495 nocte
1481 5430 1748 5515 septimi
1808 5431 2129 5519 februarij
2191 5433 2351 5498 anni
2421 5433 2580 5498 1481
2650 5434 2780 5501 fuit
2838 5457 3126 5523 magnus
3186 5448 3595 5503 terremotus
3657 5436 3729 5503 in
3793 5436 4071 5504 civitate
4136 5435 4391 5502 Parme
4457 5436 4634 5502 hora
4680 5432 4754 5500 45

910 5533 1149 5619 quinta
1191 5535 1414 5600 noctis
1460 5537 1825 5621 sequentis,
1874 5537 1989 5624 qui
2036 5537 2253 5603 tribus
2295 5537 2560 5604 vicibus
2606 5561 2690 5605 ea
2735 5555 2940 5607 nocte
2986 5543 3196 5621 venit,
3242 5543 3389 5608 sine
3436 5554 3670 5609 tamen
3716 5544 3951 5630 aliqua
3997 5543 4294 5610 lexione.

1085 5636 1443 5724 Applicuit
1486 5639 1871 5707 Mediolani
1915 5643 1988 5706 in
2030 5642 2373 5729 principio
2419 5643 2616 5711 huius
2660 5647 2913 5712 mensis
2942 5647 3272 5738 februarii
3322 5649 3628 5737 Jacobus
3671 5649 4087 5738 Monsignor
4135 5650 4228 5716 de
4276 5649 4635 5717 Sabaudia

911 5763 1066 5809 com
1112 5744 1438 5811 trecentis
1483 5746 1695 5833 equis,
1742 5759 2066 5833 tanquam
2114 5759 2343 5815 orator
2403 5750 2817 5817 serenissimi
2860 5752 3043 5841 regis
3085 5753 3407 5835 Francie‚
3456 5767 3792 5843 cognatus
3837 5774 4117 5844 quoque
4165 5755 4454 5822 domine
4503 5757 4632 5823 du-

1094 6010 1178 6064 13.
1214 5998 1512 6066 ruralibus]
1550 6000 1839 6051 ruraribus
1872 6001 1988 6052 cod.
