4895 7066
1220 586 1323 597 ...αι-ιι.
1371 586 3726 597 uno-„namo--oonmnouuum·-nnoonoomoommmmuuunmmm-o-em-o-n“ve-mnu-m-—mmu-mm-ou--n—nm—n--ffl

279 468 370 539 [a
402 470 547 523 14⁷9
583 462 1118 536 maggio-giugnoj
1392 449 1505 523 IN
1562 447 2080 523 PARTIBUS
2136 448 2778 523 LOMBARDIE
3848 453 3946 525 49

270 700 524 788 positum
568 699 833 766 domini
862 690 1181 766 'Roberti
1224 698 1302 764 in
1350 697 1611 767 Sancto
1658 698 1976 766 Steffano
2021 699 2116 766 ad
2159 697 2474 765 Macram
2523 696 2745 766 tribus
2790 697 3098 765 millibus
3138 698 3455 787 peditum
3500 709 3574 766 et
3618 710 3949 788 quatuor-

269 806 461 874 centis
500 805 861 895 armigeris
907 828 996 873 ex
1038 804 1444 872 melioribus
1488 805 1698 873 totius
1745 804 2110 873 exercitus.

414 911 709 998 Propter
750 928 999 1000 pacem
1044 921 1415 979 tractatam
1471 912 1720 991 Rome,
1766 906 1856 979 de
1902 932 2040 1000 qua
2101 911 2335 978 fienda
2394 922 2627 979 tamen
2687 911 3119 998 sperabatur,
3180 911 3358 980 dicti
3422 911 3741 978 dominus
3799 913 3943 979 dux

268 1020 565 1086 Hei-cules
609 1030 682 1087 et
723 1020 1036 1087 marchio
1088 1020 1401 1099 Mantue,
1465 1032 1673 1106 cepto
1733 1018 1981 1086 itinere
2025 1031 2103 1086 ut
2148 1018 2594 1087 discederent
2639 1041 2682 1086 a
2727 1019 2989 1086 Sancto
3052 1018 3394 1097 Steffano,
3455 1018 3620 1086 ituri
3683 1020 3775 1086 ad
3834 1020 3957 1087 Ci-

194 1124 229 1192 5
266 1128 511 1193 vitatem
555 1125 865 1205 Castelli,
912 1139 989 1193 ut
1029 1129 1170 1217 jam
1218 1126 1487 1194 dictum
1508 1200 1517 1211 ⁸
1538 1138 1663 1204 est,
1708 1125 1971 1193 reversi
2015 1124 2088 1190 in
2135 1125 2367 1193 locum
2413 1125 2710 1213 primum
2756 1144 2979 1213 prope
3024 1125 3341 1192 Macram
3388 1125 3952 1194 deliberaverunt

266 1232 547 1299 obsidere
590 1231 740 1300 illic
788 1233 1142 1300 dominum
1184 1233 1574 1301 Robertum
1608 1232 1952 1299 reclusum
1983 1231 2054 1296 in
2084 1232 2388 1319 quadam
2435 1230 2616 1298 valle
2647 1229 2777 1298 sub
2808 1244 3036 1299 castro
3066 1232 3355 1317 vaani,
3387 1218 3484 1296 in‘
3507 1252 3648 1320 quo
3692 1232 3954 1300 diutius

266 1352 417 1406 stare
459 1353 598 1406 non
643 1350 919 1425 poterat
965 1339 1056 1407 ob
1101 1339 1510 1407 victualium
1557 1338 2018 1427 indigentiam
2066 1349 2135 1405 et
2178 1337 2345 1426 quia
2389 1337 2839 1406 obsidebatur
2882 1349 2957 1405 ut
3009 1360 3240 1425 supra.

412 1445 759 1524 Quoniam
804 1445 1245 1513 illustrissimi
1279 1445 1544 1512 domini
1575 1445 1791 1511 nostri
1824 1442 2186 1511 nollebant
2218 1444 2310 1512 ob
2341 1445 2468 1511 has
2495 1464 2784 1534 guerras
2813 1462 3060 1513 manus
3088 1463 3355 1531 ponere
3385 1445 3461 1510 in
3490 1444 3952 1513 diminutione
3975 1482 3990 1487 -

264 1552 545 1619 thexaufi
594 1553 884 1639 repositi
927 1552 1019 1620 ab
1062 1555 1239 1620 duce
1289 1552 1550 1619 Galeas
1594 1564 1666 1619 et
1710 1563 1789 1619 ut
1818 1551 2180 1639 armigeris
2211 1563 2280 1618 et
2309 1550 2800 1638 provisionatis
2830 1550 3185 1638 stipendia
3213 1552 3709 1640 persolverent,
3755 1551 3950 1619 fece·

162 1662 225 1725 10
261 1670 399 1725 runt
436 1660 770 1726 subastari
815 1670 888 1728 et
934 1659 1146 1726 vendi
1194 1678 1633 1747 quecumque
1681 1658 1873 1725 datia
1932 1658 2142 1725 totius
2202 1657 2490 1745 dominij
2548 1656 2818 1724 ducalis
2860 1677 2992 1744 pro
3036 1678 3179 1723 uno
3240 1677 3447 1737 anno,
3494 1657 3723 1725 silicet
3777 1657 3946 1725 1480

255 1768 318 1831 in
370 1768 708 1833 contantis
770 1767 859 1834 de
922 1765 1232 1853 presenti
1292 1765 1665 1833 solvendis.
1758 1764 1867 1831 Ex
1926 1764 2177 1853 quibus
2235 1764 2605 1831 maximam
2662 1765 3037 1851 pecuniam
3102 1775 3488 1855 exegerunt
3553 1766 3645 1833 de
3712 1785 3950 1832 mense

254 1893 396 1961 may
445 1870 636 1942 1479.

410 1977 742 2047 Secunda
786 1979 901 2047 die
942 1979 1113 2068 junij
1163 1980 1326 2046 anni
1381 1976 1547 2050 1479
1592 1990 1793 2066 parte
1838 1978 2447 2045 illustrissimorum
2494 1978 2932 2046 dominorum
2978 1988 3368 2046 nostrorum
3415 1977 3608 2045 facta
3636 1977 3775 2044 fuit
3818 1998 3948 2066 pu-

253 2085 419 2152 blica
460 2086 659 2153 crida
699 2087 774 2152 in
820 2087 1103 2155 civitate
1147 2087 1418 2166 Parme,
1464 2089 1655 2177 quod
1703 2085 1993 2175 quilibet
2036 2097 2272 2173 posset
2329 2086 2589 2153 ducere
2650 2084 3083 2152 Pontremuli
3130 2102 3564 2174 quecomque
3619 2084 3951 2153 victualia

154 2192 211 2258 15
249 2194 380 2259 sine
419 2194 807 2261 soluctione
856 2194 1151 2262 alicuius
1196 2194 1401 2283 datij,
1435 2205 1512 2260 ut
1555 2193 1905 2262 exercitus
1951 2205 2186 2259 noster
2229 2203 2466 2280 posset
2510 2192 2752 2281 vivere
2797 2203 2870 2258 et
2915 2192 3366 2279 triumphare.

404 2299 696 2367 Timens
741 2300 970 2368 dictus
1015 2301 1341 2369 dominus
1383 2300 1735 2368 Robertus
1782 2300 1870 2368 de
1915 2300 2222 2367 adventu
2268 2298 2473 2368 ducis
2516 2299 2805 2367 Ferarie
2849 2310 2923 2365 et
2969 2299 3231 2366 domini
3279 2299 3703 2366 marchionis
3747 2300 3953 2366 Man·

244 2419 345 2473 tue
386 2426 541 2472 com
590 2417 784 2475 tanto
831 2408 1162 2487 exercitu,
1208 2407 1574 2494 temptavit
1620 2407 1809 2473 omni
1853 2428 1992 2494 qua
2032 2406 2260 2492 potuit
2301 2405 2416 2470 via
2460 2423 2535 2471 se
2581 2404 2842 2471 eisdem
2890 2404 3427 2485 recomminere,
3460 2416 3791 2495 tanquam
3823 2406 3947 2472 de-

247 2524 571 2600 speratus3
638 2523 709 2578 et
768 2536 909 2580 una
969 2515 1236 2581 dierum
1301 2515 1392 2581 de
1452 2535 1689 2580 mense
1752 2535 1914 2603 may
1957 2524 2145 2580 stans
2205 2511 2378 2579 citra
2436 2512 2692 2579 flumen
2751 2512 2997 2579 Macre
3057 2532 3265 2598 super
3312 2512 3469 2599 ripa
3512 2523 3583 2580 et
3628 2513 3951 2580 dominus

246 2620 546 2687 marchio
593 2620 791 2700 citra,
839 2621 934 2688 ad
977 2621 1280 2688 invicem
1323 2620 1459 2688 sibi
1507 2620 1721 2689 locuti
1767 2632 1946 2688 sunt.
2039 2621 2121 2686 In
2166 2640 2305 2708 quo
2336 2637 2657 2686 sermone
2687 2619 2875 2685 idem
2907 2619 3229 2686 dominus
3262 2619 3622 2688 Robertus
3649 2620 3942 2689 multum

150 2730 214 2793 20
247 2748 309 2792 se
347 2726 785 2809 condolebat,
833 2728 1022 2815 quod
1069 2750 1112 2793 a
1156 2749 1319 2818 rege
1364 2727 1820 2795 Ferdinando
1867 2727 2200 2814 deceptus
2230 2737 2302 2793 et
2332 2726 2578 2791 illusus
2623 2726 2872 2805 fuerat,
2922 2726 3252 2812 quoniam
3296 2727 3525 2794 eidem
3570 2726 3941 2813 promisse-

248 2847 340 2901 rat
378 2844 621 2922 gentes
667 2848 739 2901 et
782 2835 1120 2922 pecunias
1163 2835 1463 2913 mittere,
1510 2854 1802 2922 quorum
1850 2846 2168 2900 neutrum
2202 2834 2494 2914 fecerat,
2526 2852 2842 2900 asserens
2886 2834 3067 2898 hanc
3113 2852 3400 2922 gueram
3447 2833 3749 2900 movisse
3781 2835 3937 2921 pol-

250 2939 725 3009 licitationibus
773 2953 845 3010 et
887 2941 1454 3028 persuasionibus
1514 2941 1687 3008 dicti
1747 2940 1931 3029 regis
1992 2952 2064 3007 et
2123 2941 2302 3007 male
2365 2951 2768 3007 contentum
2831 2940 3005 3007 fore.
3097 2939 3207 3007 Ex
3253 2941 3574 3027 opposito
3619 2940 3944 3008 dominus

250 3048 534 3116 marchio
578 3048 1068 3135 respondebat,
1115 3050 1307 3138 quod
1352 3048 1530 3115 male
1573 3048 1724 3135 ipse
1772 3047 2096 3115 dominus
2138 3047 2496 3115 Robertus
2540 3047 2982 3116 consuluerat
3025 3046 3232 3114 rebus
3276 3048 3416 3113 suis
3460 3057 3532 3114 et
3575 3046 3707 3114 sibi
3756 3068 3946 3114 com-

252 3155 403 3239 patri
442 3175 577 3222 suo
624 3168 966 3243 parceret,
1013 3156 1338 3242 quoniam
1385 3156 1676 3224 obedire
1719 3153 1999 3221 volebat
2044 3165 2115 3220 et
2159 3165 2410 3221 statum
2457 3153 2868 3231 Mediolani,
2921 3172 3008 3219 ac
3069 3151 3217 3220 eius
3273 3153 3490 3242 ligam
3552 3154 3943 3234 defensare,

156 3260 216 3326 25
251 3265 355 3329 sed
393 3263 586 3350 quod
631 3261 1048 3349 opportebat
1093 3262 1375 3329 insimul
1424 3262 1496 3328 in
1540 3261 1748 3328 factis
1794 3280 2138 3327 armorum
2185 3279 2417 3350 agere,
2466 3280 2670 3349 quem
2717 3258 3162 3328 exortabatur
3191 3261 3397 3328 factis
3427 3260 3569 3327 suis
3615 3271 3685 3326 et
3728 3262 3934 3328 saluti

250 3368 508 3456 proprie
555 3369 972 3455 providere;
1020 3380 1090 3434 et
1135 3368 1238 3435 sic
1284 3391 1327 3434 a
1375 3367 1722 3456 colloquio
1771 3366 2262 3435 discesserunt.

398 3475 667 3562 Captus
711 3475 851 3541 fuit
895 3474 971 3539 in
1015 3475 1364 3563 principio
1405 3474 1586 3566 junij
1636 3474 1812 3542 dicti
1858 3474 2023 3542 anni
2077 3470 2242 3545 1479
2306 3474 2380 3541 in
2442 3473 2603 3542 loco
2672 3473 2760 3542 de
2823 3471 3183 3563 Bouportu
3245 3473 3596 3543 districtus
3654 3475 3927 3544 Mutine

249 3583 456 3650 subtus
500 3581 869 3648 civitatem
914 3582 1334 3648 Franciscus
1380 3583 1496 3649 del
1540 3583 1835 3649 Carreto
1869 3603 1955 3647 ex
1983 3580 2329 3669 primariis
2361 3581 2622 3648 domini
2653 3580 2972 3660 Ruberti,
3019 3582 3382 3648 transitum
3428 3582 3625 3650 illinc
3672 3583 3944 3651 faciens

250 3690 703 3772 transvestitus
747 3700 817 3754 et
863 3689 1114 3754 ductus
1159 3689 1232 3753 in
1279 3699 1511 3755 castro
1542 3688 1833 3767 Mutine,
1866 3701 1943 3755 ut
1975 3688 2510 3756 examineretur.
2603 3688 2740 3755 Hic
2789 3688 2974 3754 enim
3006 3688 3445 3756 simulaverat
3474 3708 3550 3756 se
3579 3690 3946 3775 expulsum

154 3796 216 3861 30
253 3819 286 3861 a
321 3795 492 3862 dicto
542 3796 835 3862 domino
880 3795 1198 3863 Roberto
1244 3806 1313 3862 et
1357 3794 1555 3860 illum
1601 3794 1899 3862 voluisse
1958 3809 2329 3862 venenare.
2421 3787 2513 3863 Et
2573 3807 2947 3882 propterea
2990 3795 3127 3861 huc
3174 3806 3245 3862 et
3290 3795 3462 3862 illuc
3507 3795 3943 3864 discurrebat

247 3904 427 3970 modo
469 3904 567 3969 ad
618 3924 854 3980 unum,
900 3903 1117 3970 modo
1161 3901 1254 3972 ad
1298 3902 1514 3968 alium
1559 3902 1953 3988 principem
2000 3912 2070 3969 et
2115 3922 2463 3968 armorum
2509 3901 2895 3981 ductorum,
2942 3901 3276 3968 simulans
3319 3901 3744 3988 stipendium
3775 3925 3945 3993 que·

248 4032 399 4077 rere.
482 4010 577 4078 Et
614 4008 718 4076 sic
751 4009 1001 4075 multas
1042 4007 1624 4076 machinationes'
1656 4008 2000 4075 tractabat
2033 4019 2281 4076 contra
2310 4009 2522 4097 ligam
2556 4009 2928 4089 ducallem,
2959 4020 3031 4075 et
3062 4008 3151 4074 de
3183 4028 3322 4097 quo
3368 4009 3752 4100 condignas
3798 4011 3942 4077 luet

248 4137 451 4202 penas.

400 4224 557 4303 Quo
613 4223 824 4290 etiam
871 4233 1177 4309 tempore
1221 4223 1361 4289 lata
1404 4235 1563 4290 sunt
1632 4245 1816 4291 nova
1881 4221 2152 4301 Parme,
2222 4222 2413 4310 quod
2481 4223 2679 4291 multi
2725 4242 2813 4291 ex
2855 4223 2987 4302 his,
3048 4223 3170 4310 qui
3231 4223 3693 4291 interfuerant
3752 4244 3952 4291 saco-

156 4326 215 4390 35
250 4343 425 4396 mano
466 4329 723 4397 Parme
770 4329 983 4409 cives,
1051 4329 1342 4416 appensi
1401 4341 1560 4396 sunt
1602 4349 1733 4416 per
1776 4329 2059 4419 gullam,
2109 4329 2273 4395 dum
2337 4329 2755 4416 stipendium
2815 4327 3220 4396 habuissent
3285 4351 3328 4394 a
3396 4329 3818 4397 Florentinis
3876 4342 3947 4397 et

253 4437 664 4525 aufugerent,
709 4436 1053 4524 positique
1098 4447 1258 4503 sunt
1304 4435 1378 4502 in
1425 4437 1669 4525 galleis
1730 4436 2043 4504 Catellan
2053 4455 2248 4501 orum
2309 4436 2504 4503 multi
2564 4436 2677 4526 alij
2726 4436 3010 4524 juvenes
3080 4437 3172 4504 de
3240 4435 3427 4503 dicta
3473 4436 3778 4515 civitate,
3826 4439 3946 4525 qui

252 4542 692 4612 interfuerant
736 4544 1346 4630 profanationibus
1391 4543 1842 4611 ecclesiarum
1892 4554 1962 4608 et
2008 4543 2200 4610 dicto
2246 4562 2642 4623 sacomano,
2690 4542 2878 4609 inter
2922 4563 3096 4631 quos
3139 4543 3348 4610 affuit
3392 4543 3674 4631 quidam
3719 4545 3946 4610 nomi-

255 4664 422 4717 natus
459 4652 834 4719 Labronus
878 4653 968 4719 de
1006 4649 1381 4718 Cavalleto
1441 4650 1529 4716 de
1589 4652 1894 4739 squadra
1938 4649 2394 4739 Corrigiensi.
2485 4650 2578 4717 Et
2623 4651 2760 4718 hoc
2808 4650 2911 4717 eis
2956 4651 3189 4719 evenit
3251 4673 3338 4717 ex
3400 4650 3639 4718 divino
3687 4652 3944 4744 juditio
4060 4677 4070 4695 ·

259 4767 569 4825 tantorum
615 4758 985 4826 scelerum.

162 4862 225 4924 40
401 4865 608 4932 Venit
657 4866 736 4931 in
781 4865 1065 4932 civitate
1110 4864 1496 4932 Mediolani
1527 4876 1837 4951 tempore
1864 4865 2183 4951 proxime
2214 4864 2407 4931 dicto
2437 4885 2568 4951 pro
2601 4876 2874 4931 oratore
2909 4864 3442 4932 Suevizerorum
3488 4865 3774 4952 quidam
3804 4886 3950 4931 ma-

255 4970 444 5037 ximus
487 4983 554 5039 et
597 4971 901 5058 pulcher
946 4971 1356 5039 Suevizarus
1400 4991 1620 5058 nepos
1665 4971 1868 5040 ducis
1911 4968 2217 5051 Austrie,
2249 4971 2449 5038 dives
2495 4983 2700 5059 atque
2744 4982 3012 5059 potens,
3045 4972 3159 5038 cui
3191 4972 3599 5061 magnificus
3629 4972 3950 5039 dominus

258 5072 479 5143 Cichus
519 5078 879 5166 copulavit
921 5095 1131 5144 unam
1175 5077 1326 5144 eius
1356 5078 1565 5144 filiam
1599 5078 1674 5144 in
1706 5096 2012 5156 uxorem,
2045 5097 2252 5165 quam
2284 5077 2678 5146 Mediolani
2711 5078 3010 5145 maximo
3043 5097 3202 5143 cum
3233 5090 3572 5165 apparatu
3602 5091 3674 5146 et
3705 5080 3947 5145 trium-

257 5182 374 5266 pho
414 5184 870 5272 disponsavit.
924 5213 929 5228 ·
962 5184 1099 5251 Hic
1146 5186 1330 5251 enim
1373 5186 1662 5251 multum
1691 5195 1969 5272 poterat
1998 5185 2070 5250 in
2103 5183 2224 5251 illo
2255 5201 2514 5273 genere
2548 5184 3100 5263 Suevizerorum,
3134 5208 3222 5252 ex
3253 5206 3390 5273 qua
3422 5185 3753 5253 affinitate
3786 5207 3945 5274 spe-

258 5300 421 5357 ratur
458 5310 577 5360 eos
619 5293 703 5358 in
747 5290 979 5379 quiete
1027 5302 1099 5358 et
1141 5312 1317 5378 pace
1362 5312 1738 5360 mansuros.

164 5389 222 5454 45
404 5397 839 5466 Mirabantur
879 5396 1099 5477 multi,
1146 5397 1335 5486 quod
1381 5400 1522 5464 dux
1566 5398 1905 5466 Hercules
1948 5399 2296 5479 Extensis,
2344 5398 2466 5487 qui
2510 5411 2659 5467 erat
2704 5420 2923 5488 gener
2952 5400 3139 5489 regis
3170 5399 3599 5467 Ferdinandi
3628 5421 3702 5467 se
3735 5422 3954 5488 appo-

259 5515 425 5571 neret
464 5515 713 5572 contra
757 5506 983 5591 ipsum
1028 5524 1289 5593 regem.
1382 5503 1534 5571 Nec
1579 5506 1862 5583 mirum;
1910 5528 2072 5572 nam
2134 5505 2324 5573 idem
2389 5508 2532 5574 dux
2589 5507 2824 5573 fatuus
2869 5507 3112 5574 fuisset
3154 5516 3417 5573 tantam
3467 5508 3942 5594 capitaneatus

262 5608 638 5697 dignitatem
691 5612 1154 5701 abdenegare,
1209 5634 1418 5700 quam
1470 5613 1814 5701 quispiam
1865 5614 2043 5680 alius
2086 5614 2176 5680 de
2222 5634 2480 5702 genere
2526 5635 2672 5681 suo-
2695 5636 2836 5681 non
2883 5627 2989 5682 est
3034 5627 3404 5693 assecutus,
3452 5636 3583 5682 nec
3630 5615 3949 5683 similem.

259 5710 550 5785 Preterea
591 5740 718 5785 rex
756 5719 941 5786 idem
986 5720 1303 5788 voluerat
1346 5720 1580 5787 medio
1634 5720 1774 5787 filie
1835 5742 1978 5802 sue,
2039 5723 2278 5789 uxoris
2340 5722 2514 5788 dicti
2577 5722 2796 5802 ducis,
2858 5721 3054 5788 illum
3115 5743 3490 5802 venenare,
3561 5722 3752 5810 quod
3797 5724 3950 5809 ipsa

409 5984 458 6035 4.
490 5969 729 6024 Mantue
765 5969 793 6024 ὲ
827 5988 1029 6026 correz.
1066 5973 1130 6024 da·
1163 5988 1320 6025 mano
1356 5979 1561 6026 recente
1595 5975 1690 6026 net
1720 5974 1986 6041 margine,
2024 5974 2073 6025 e’l
2103 5974 2215 6027 cod.
2254 5974 2323 6028 ha
2359 5975 2608 6029 Ferarle.

539 6223 1234 6294 T.xxn,p.111-4.

4090 942 4133 978 c.
4162 939 4279 982 517

4094 4034 4249 4084 uun„
4280 4035 4359 4077 311
