4895 7066
270 538 371 618 [A.
410 542 577 603 14⁷7
620 544 1174 620 gennano-mmo]
1447 532 1557 611 IN
1610 531 2133 612 PART1ssus
2190 506 2824 613 LoMssARDm
3964 534 4006 612 5

296 695 515 702 ———.-—-
526 696 839 703 ’κω-...ΜΠ-
852 696 1101 704 ..-.-..-.--.-,η“
1116 697 1215 704 ...ι-...ιι

461 802 734 869 Eodem
782 823 973 873 anno
1027 801 1190 874 1477
1263 802 1340 867 in
1406 802 1756 889 principio
1800 801 1968 868 anni
2014 802 2155 868 dux
2200 802 2603 891 Bregondie
2673 801 3044 869 ditissimus
3101 816 3170 870 et
3214 804 3712 892 magnanimus,
3758 802 4018 869 bellum

278 928 538 996 gerens
585 909 920 976 adversus
966 908 1334 987 Sivizaros,
1395 931 1438 975 a
1497 907 1750 997 quibus
1790 909 1931 998 jam
1992 907 2229 974 binum
2290 921 2659 996 receperat
2724 909 3146 989 conflictum,
3209 928 3366 975 com
3414 908 3559 976 eius
3620 907 4020 976 incredibili

284 1018 546 1085 damno
594 1028 666 1083 et
710 1017 1090 1095 dedecore,
1136 1016 1388 1083 iterum
1433 1027 1777 1101 temptans
1820 1016 2194 1093 fortunam,
2240 1014 2492 1095 victus,
2540 1016 2803 1083 fractus
2848 1028 2919 1083 et
2964 1016 3372 1084 interfectus
3402 1016 3536 1082 fuit
3567 1015 3640 1081 in
3671 1014 3897 1102 prelio
3930 1013 4018 1082 ab

281 1118 461 1204 ipsis
506 1118 854 1187 Sivizaris.
944 1120 1259 1206 Reperte
1308 1119 1492 1186 enim
1540 1121 1824 1187 fuerunt
1870 1119 2065 1185 litere
2125 1141 2268 1200 sue,
2337 1140 2511 1208 quas
2559 1118 2784 1188 dicto·
2843 1120 3010 1188 duci
3058 1120 3320 1188 Galeaz
3377 1121 3772 1209 scripserat,
3833 1119 4024 1209 quod

192 1224 233 1290 5
283 1225 427 1292 sibi
476 1239 912 1314 precaveret,
974 1226 1300 1315 quoniam
1368 1248 1411 1292 a
1477 1226 1619 1293 suis
1679 1227 2051 1314 astrologis
2093 1237 2510 1313 perceperat
2556 1226 2748 1293 idem
2794 1227 3044 1294 ducem
3091 1227 3356 1295 Galeaz
3401 1247 3486 1294 eo
3530 1247 3718 1295 anno
3763 1225 4025 1294 interfi-

284 1334 625 1399 ciendum
674 1355 853 1401 esse:
902 1334 1092 1422 quod
1141 1332 1429 1421 quidem
1474 1332 1908 1400 verificatum
1972 1346 2077 1400 est
2136 1334 2213 1400 in
2264 1344 2560 1421 utroque
2610 1334 2814 1413 duce,
2880 1347 2948 1401 et
3012 1356 3100 1401 ex
3159 1333 3499 1404 ambobus
3542 1344 4021 1401 remanserunt

283 1459 739 1507 successores
782 1440 1075 1527 parvuli.

474 1548 745 1614 Eodem
793 1566 976 1614 anno
1030 1546 1192 1619 1477
1243 1547 1435 1614 circa
1494 1548 1703 1614 finem
1766 1546 2023 1614 mensis
2080 1546 2375 1638 januarij
2438 1548 2757 1634 predicte
2820 1560 2962 1615 tres
3021 1549 3320 1637 squadre
3366 1548 3565 1615 simul
3610 1548 3807 1616 unite
3856 1567 4027 1615 con-

280 1667 724 1721 vocaverunt
767 1666 1037 1721 secrete
1081 1654 1151 1720 in
1200 1654 1485 1722 civitate
1531 1653 1781 1721 Parme
1847 1654 1921 1719 in
1993 1676 2232 1722 eorum
2295 1653 2613 1722 domibus
2659 1675 3132 1743 quoscomque
3184 1655 3532 1735 bannitos‚
3594 1655 3891 1724 rebelles
3954 1664 4025 1721 et

144 1761 227 1824 10
282 1760 871 1828 sediciosissimos
914 1762 1102 1829 viros
1147 1773 1218 1828 et
1263 1761 1522 1828 amicos
1568 1773 1707 1828 tam
1756 1762 1846 1829 de
1891 1761 2297 1848 episcopatu
2341 1760 2613 1840 Parme,
2661 1783 2865 1850 quam
2916 1762 3006 1829 de
3054 1762 3212 1854 alijs
3259 1762 3663 1830 civitatibus
3707 1774 3779 1830 et
3823 1761 4028 1830 terris

274 1868 728 1956 propinquis,
775 1868 1109 1935 videlicet
1151 1868 1240 1934 de
1286 1867 1695 1948 Monticulo,
1743 1868 1832 1935 de
1879 1867 2134 1958 Regio,
2180 1867 2475 1947 Mutina,
2524 1866 2884 1957 Corrigia,
2929 1869 3347 1949 Mirandola‚
3397 1868 3650 1957 Carpo,
3712 1869 4029 1948 Bononia

274 1986 359 2039 et
404 1973 703 2041 Mantua
749 1986 821 2041 et
864 1986 1205 2063 quotquot
1250 1974 1546 2040 inveniri
1589 1987 1984 2060 potuerunt.
2076 1974 2232 2041 Hoc
2279 1975 2659 2042 sentientes
2687 1974 2948 2055 Rubei,
2983 1977 3355 2043 nonnullos
3384 1996 3474 2044 ex
3504 1976 3713 2045 terris
3742 1975 4029 2044 Rubeo-

272 2102 446 2146 rum
498 2081 753 2147 intrare
801 2082 1153 2149 civitatem
1199 2081 1523 2149 similiter
1566 2082 1915 2160 fecerunt,
1964 2101 2201 2148 omnes
2249 2102 2404 2147 com
2465 2082 2679 2149 armis
2721 2103 2850 2170 pro
2902 2104 3028 2150 sua
3082 2083 3511 2152 defensione.
3602 2083 3811 2150 Dicte
3854 2103 4026 2150 vero

273 2199 436 2253 tres
505 2189 806 2275 squadre
876 2187 1220 2266 timentes,
1268 2209 1356 2254 ne
1418 2198 1660 2276 gentes
1727 2188 2032 2275 prefacti
2076 2187 2342 2257 domini
2417 2185 2830 2257 Petrimarie
2903 2210 3060 2256 com
3121 2210 3245 2258 suo
3306 2202 3485 2259 totto
3545 2209 3749 2276 posse
3813 2188 4030 2257 intra-

130 2292 213 2358 15
275 2306 455 2360 rent
503 2294 853 2361 civitatem
897 2295 992 2361 ad
1039 2294 1522 2364 defensionem
1570 2293 1871 2383 squadre
1916 2293 2190 2373 Rubee,
2238 2316 2430 2361 arma
2476 2293 2551 2360 in
2594 2294 2877 2382 publico
2910 2317 3054 2363 non
3085 2309 3445 2384 ceperunt,
3492 2297 3619 2364 sed
3663 2296 4032 2385 unusquis-

276 2422 431 2488 que
483 2402 764 2467 domum
811 2422 1003 2467 suam
1050 2421 1206 2467 com
1269 2401 1550 2467 armatis
1621 2400 2058 2468 custodiebat
2104 2414 2175 2469 et
2236 2422 2529 2491 magnus
2587 2401 2794 2469 timor
2854 2416 3005 2471 erat
3065 2403 3135 2469 in
3199 2403 3501 2471 civitate.
3596 2401 3813 2481 Quod
3871 2424 4029 2470 cum

272 2508 686 2574 nuntiatum
733 2506 1001 2575 fuisset'
1052 2509 1331 2575 domine
1379 2509 1655 2575 ducisse
1700 2507 2115 2587 Mediolani,
2163 2508 2315 2595 ipsa
2374 2508 2599 2574 missit
2663 2508 2980 2575 Parmam
3029 2509 3388 2577 dominum
3432 2508 3821 2597 Johannem
3880 2510 4025 2578 Lo-

278 2614 548 2680 visium
597 2613 888 2681 Bossum
936 2615 1025 2682 de
1071 2613 1480 2682 Mediolano
1526 2634 1682 2681 com
1729 2615 2050 2683 ducentis
2096 2614 2615 2701 provisionati&
2664 2616 2785 2703 qui
2833 2614 3165 2696 obviavit,
3211 2616 3382 2705 quin
3425 2638 3621 2682 arma
3688 2637 4030 2704 caperen-

273 2734 407 2787 tur
453 2734 529 2788 et
571 2723 875 2808 populus
920 2721 1013 2787 ad
1056 2741 1403 2788 rumorem
1450 2744 1524 2788 se
1570 2724 1858 2800 levaret,
1905 2721 2292 2810 multosque
2340 2742 2428 2790 ex
2476 2722 2685 2789 dictis
2730 2721 3026 2790 advenis
3086 2736 3160 2790 et
3217 2723 3524 2791 bannitis
3584 2723 3674 2791 de
3739 2723 4027 2791 civitate

125 2829 221 2892 20
280 2826 596 2914 pepulit,
641 2850 785 2894 non
827 2840 1061 2894 tamen
1105 2849 1375 2906 omnes3
1425 2840 1495 2895 et
1541 2828 1829 2895 multum
1877 2827 2234 2906 laboravit,
2282 2850 2366 2896 ac
2415 2850 2490 2896 se
2539 2828 2911 2895 intromisit
2956 2849 3086 2916 pro
3117 2851 3298 2917 pace
3328 2831 3563 2898 fienda
3592 2828 3775 2898 inter
3807 2830 4030 2897 dictas

277 2935 670 3023 squadras:
721 2936 913 3024 quod
938 2934 1241 3024 ‚minime
1288 2936 1516 3003 locum
1560 2934 1821 3003 habere
1868 2936 2113 3022 potuit.
2205 2937 2363 3022 Ipse
2395 2935 2580 3002 enim
2611 2958 2748 3002 una
2780 2956 2938 3003 com
2970 2934 3215 3027 Azone
3243 2936 3678 3005 Vicecomite
3712 2937 4035 3006 commis-

284 3042 486 3108 sario
528 3039 783 3108 Parme
829 3041 1114 3109 favebat
1158 3042 1364 3108 dictis
1408 3041 1630 3109 tribus
1677 3040 2033 3130 squadris;
2084 3055 2154 3109 et
2194 3040 2391 3130 jussit
2435 3040 2729 3121 Rubeis,
2790 3044 2981 3130 quod
3028 3064 3270 3111 omnes
3314 3056 3580 3133 gentes,
3627 3063 3765 3132 que
3789 3044 4029 3131 'penes

286 3169 426 3215 eos
476 3161 677 3215 erant
725 3160 796 3215 et
840 3162 1176 3215 venerant
1222 3149 1316 3215 ad
1361 3169 1602 3216 eorum
1649 3148 2154 3228 defensionem,
2204 3147 2724 3236 expellerentur
2774 3150 2863 3216 de
2911 3148 3233 3229 civitate3
3284 3164 3355 3217 et
3400 3150 3502 3217 ita
3562 3152 3830 3218 factum
3892 3162 4030 3228 est;

286 3277 460 3320 nam
507 3254 848 3342 quottidie
896 3253 1048 3342 ipse
1095 3265 1235 3321 tres
1280 3254 1580 3343 squadre
1629 3254 2253 3342 conquerebantur,
2301 3255 2491 3343 quod
2536 3254 2771 3322 Rubei
2825 3255 3179 3323 habebant
3240 3257 3483 3324 domos
3541 3256 3794 3351 plenas·
3844 3259 4035 3324 fora-

129 3361 221 3426 25
284 3362 543 3450 sterijs
586 3374 658 3428 et
703 3362 775 3427 in
822 3363 993 3449 ipsis
1037 3362 1359 3430 domibus
1404 3361 1977 3451 perquirebatur3
2026 3362 2099 3427 in
2144 3362 2467 3431 domibus
2513 3375 2743 3430 autem
2791 3362 3000 3430 trium
3063 3364 3519 3452 squadrarum
3583 3363 3757 3429 nihil
3817 3364 4034 3452 inspi-

286 3469 657 3548 ciebatur3
702 3469 829 3537 sed
874 3469 1215 3558 quottidie
1258 3479 1506 3559 gentes
1552 3469 1955 3538 forasterias
1998 3468 2344 3538 vocabant
2389 3482 2460 3537 et
2492 3469 2566 3537 in
2613 3490 2849 3538 eorum
2894 3470 3214 3539 domibus
3258 3456 3609 3552 tenebant,
3670 3470 4034 3559 cupientes

280 3575 597 3644 Rubeos
640 3597 1089 3644 sacomanare
1132 3589 1204 3644 et
1248 3577 1603 3644 civitatem
1650 3576 1974 3665 prodere.

4177 2531 4334 2580 Mun..
4363 2530 4439 2573 251

483 3683 781 3774 Singulo
831 3683 948 3750 die
995 3696 1065 3750 et
1110 3683 1381 3774 singula
1427 3695 1635 3750 nocte
1693 3696 1936 3771 postea
1981 3684 2071 3751 de
2119 3705 2356 3753 mense
2389 3684 2722 3775 februarij
2757 3685 3015 3754 fiebant
3059 3687 3402 3755 novitates
3445 3688 3518 3754 in
3563 3686 3838 3766 Parma,
3870 3709 4027 3753 nam
4066 3674 4081 3686 ⁶
4181 3719 4208 3749 e
4313 3719 4340 3748 ι

286 3791 499 3857 multi
547 3788 1088 3856 vulnerabantur
1136 3802 1207 3857 et
1251 3789 1825 3878 percutiebantur
1871 3802 1942 3858 et
1987 3792 2305 3858 nonnulli
2354 3792 2714 3861 interfecti
2745 3806 2925 3861 sunt.
3016 3793 3277 3861 Omnes
3310 3815 3504 3861 arma
3534 3794 3908 3881 portabant
3956 3806 4027 3861 et

145 3899 239 3961 30
289 3919 509 3965 nemo
552 3895 999 3983 puniebatur.
1088 3896 1215 3985 Jus
1262 3910 1412 3964 erat
1456 3898 1529 3963 in
1576 3896 1807 3976 armis,
1855 3918 1986 3964 nec
2035 3910 2184 3965 erat
2232 3897 2561 3977 officialis,
2611 3900 2735 3988 qui
2781 3899 3120 3991 justitiam
3174 3901 3461 3968 faceret.
3553 3900 3867 3979 Quilibet
3912 3923 4029 3968 ca-

287 4003 558 4091 poralis
604 4003 815 4070 trium
860 4002 1312 4091 squadrarum
1364 4003 1669 4070 satelites
1714 4023 1875 4070 suos
1922 4004 2353 4072 defensabat.
2450 4006 2542 4072 Et
2572 4007 2787 4072 semel
2817 4007 3011 4074 facto
3046 4005 3299 4087 banno,
3331 4009 3522 4096 quod
3568 4007 3796 4073 nullus
3841 4029 4033 4074 arma

284 4122 616 4198 portaret
644 4110 772 4177 sub
818 4131 1002 4197 pena
1033 4111 1412 4188 furcarum,
1448 4109 1640 4197 capti
1664 4122 1827 4176 sunt
1860 4093 2017 4176 com
2050 4110 2258 4177 armis
2287 4111 2645 4200 Johannes
2677 4112 2949 4180 Pellitia
2983 4126 3053 4180 et
3082 4114 3441 4202 Johannes
3472 4114 3793 4192 Varolus‚
3826 4114 4030 4181 ambo

288 4217 659 4284 homicide
705 4228 776 4283 et
837 4215 1132 4295 banniti,
1181 4237 1264 4283 ac
1311 4217 1625 4283 satelites
1678 4217 1939 4284 domini
1985 4217 2328 4305 Johannis
2373 4218 2735 4286 Francisci
2782 4219 3085 4286 Cantelli
3133 4231 3205 4287 et
3253 4220 3539 4308 repositi
3586 4220 3656 4286 in
3703 4221 4033 4288 citadella

288 4345 487 4391 nova
515 4325 711 4414 jussu
742 4323 917 4389 dicti
962 4322 1229 4390 domini
1273 4322 1617 4411 Johannis
1663 4320 1980 4411 Allovisij
2018 4323 2431 4391 cominantis
2478 4324 2636 4390 illos
2680 4324 2834 4392 vele
2881 4327 3331 4412 suspendere.
3422 4326 3748 4393 Tandem
3797 4327 4028 4394 dictus

156 4428 239 4496 35
293 4429 629 4499 dominus
668 4430 1024 4518 Johannes
1069 4428 1487 4496 Franciscus
1533 4449 1691 4496 com
1736 4428 2083 4517 aliquibus
2129 4428 2282 4517 alijs
2337 4430 2780 4518 caporalibus
2825 4431 3032 4496 trium
3093 4434 3549 4521 squadrarum
3595 4433 3894 4499 accessit
3941 4435 4032 4500 ad

288 4539 698 4624 prefactam
730 4535 1090 4602 dominum
1136 4534 1527 4623 Johannem
1573 4534 2011 4614 Allovisium,
2045 4535 2270 4602 eidem
2303 4535 2644 4604 minantes
2691 4549 2763 4604 et
2807 4539 2929 4626 qui
2973 4539 3251 4605 territus
3282 4538 3471 4625 ipsos
3520 4540 3696 4606 duos
3728 4540 4034 4608 ribaldos

286 4643 626 4711 liberavit
654 4642 907 4708 illesos.
1002 4640 1218 4720 Quod
1265 4642 1547 4729 quidem
1580 4641 1683 4708 sic
1715 4642 2130 4730 impunitum
2163 4644 2417 4710 ceteris
2452 4643 2814 4710 sediciosis
2846 4643 3015 4711 viris
3061 4645 3414 4714 audatiam
3463 4646 3639 4713 fecit
3684 4659 3756 4713 et
3801 4647 4028 4714 nullus

292 4762 556 4837 postea
603 4747 857 4815 timuit.

478 4853 788 4935 Accidit,
836 4856 1028 4943 quod
1072 4855 1149 4920 in
1194 4854 1331 4923 fine
1379 4854 1548 4923 dicti
1592 4855 1851 4923 mensis
1896 4856 2230 4947 februarij
2300 4856 2468 4923 anni
2523 4856 2686 4930 1477
2738 4881 2876 4924 una
2921 4872 3129 4927 nocte
3177 4861 3340 4926 dum
3404 4859 3652 4927 famuli
3703 4859 4036 4928 Rollandi

169 4967 250 5030 40
295 4966 387 5032 de
418 4962 700 5030 Rubeis
733 4961 1219 5029 commorantis
1246 4983 1469 5049 prope
1505 4962 1887 5029 ecclesiam·
1908 4963 2134 5029 sancti
2167 4963 2459 5055 Antonij
2494 4966 2568 5030 in
2601 4965 2921 5033 domibus
2956 4966 3401 5060 dominorum
3434 4968 3523 5033 de
3555 4965 4031 5036 Arcimboldis

178 5077 183 5081 ’
299 5071 501 5137 circa
522 5071 769 5135 horam
800 5069 1176 5135 secundam
1209 5089 1364 5135 com
1398 5081 1592 5134 certo
1623 5090 1802 5156 pane
1834 5069 2068 5135 velent
2101 5070 2380 5136 domum
2412 5070 2697 5152 intrare,
2731 5070 3036 5138 insultati
3069 5082 3228 5137 sunt
3260 5094 3302 5137 a
3334 5072 3712 5140 satelitibus
3760 5072 4034 5142 comitis

298 5174 657 5243 Ludovici
704 5174 793 5242 de
840 5173 1140 5263 Valerijs
1186 5153 1293 5240 exr
1319 5175 1639 5261 opposito
1684 5176 2035 5255 morantis,
2081 5188 2159 5243 ut
2201 5177 2468 5243 dictum
2515 5200 2765 5264 panem
2812 5178 3237 5265 acciperent.
3330 5178 3654 5247 Tandem
3706 5178 4031 5247 Michael

300 5284 393 5351 de
438 5282 883 5371 Lugagnano
928 5282 1161 5348 factor
1204 5280 1370 5348 dicti
1417 5280 1691 5348 comitis
1736 5301 1894 5347 com
1941 5304 2080 5349 una
2124 5281 2384 5350 ballota
2428 5284 2752 5370 plombea
2781 5305 3149 5372 percussus
3194 5286 3328 5352 fuit
3373 5285 3444 5350 in
3492 5286 3743 5372 capite,
3778 5308 3864 5352 ex
3896 5273 4035 5372 qua

296 5388 753 5479 percussione
822 5369 1067 5474 postea
1128 5399 1199 5454 et
1256 5398 1415 5474 post
1480 5407 1945 5468 sacomanum,
2008 5390 2098 5456 de
2159 5409 2296 5477 quo
2342 5389 2554 5470 infra,
2617 5391 2766 5478 ipse
2830 5391 3138 5458 Michael
3200 5392 3555 5479 expiravit.
3646 5389 3802 5458 Hoc
3867 5412 4033 5481 egre

174 5499 252 5563 45
300 5500 545 5564 ferens
593 5495 821 5560 dictus
866 5515 1117 5571 comes,
1163 5505 1381 5561 totam
1430 5494 1784 5561 civitatem
1831 5505 1902 5561 et
1946 5495 2243 5562 maxime
2292 5518 2633 5584 sequaces
2681 5509 2751 5562 et
2797 5498 3162 5586 colligatos
3207 5520 3369 5567 suos
3412 5499 3502 5565 de
3550 5498 3765 5565 tribus
3827 5520 4035 5588 squa-

297 5604 447 5670 dris
494 5600 872 5669 commovit
917 5611 987 5667 et
1030 5600 1327 5666 irritavit
1369 5602 1463 5668 ad
1509 5622 1701 5668 arma
1746 5602 2111 5689 capienda,
2159 5600 2470 5669 clamans
2514 5616 2584 5670 et
2631 5623 2964 5683 asserens,
3011 5604 3302 5672 Rubeos
3355 5627 3550 5671 suum
3596 5604 4037 5674 interfecisse

295 5712 671 5777 factorem.

475 5818 757 5885 Eodem
806 5834 988 5883 anno
1044 5814 1206 5888 1477
1259 5815 1374 5884 die
1421 5815 1770 5883 dominico
1816 5817 2129 5884 secundo
2173 5817 2413 5907 marcij
2451 5818 2524 5883 in
2572 5840 2775 5885 mane
2822 5818 3007 5886 dicte
3053 5832 3195 5886 tres
3242 5819 3543 5908 squadre
3587 5819 4035 5911 instigatione

294 5926 466 5994 dicti
513 5925 803 5992 comitis
871 5944 1064 5989 arma
1130 5935 1468 6010 ceperunt
1515 5935 1586 5990 et
1630 5945 1787 5990 cum
1831 5925 1972 6015 jam
2034 5924 2375 5993 haberent
2443 5926 2767 6004 advenas,
2830 5926 3171 6006 bannitos‚
3234 5926 3534 5993 rebelles
3596 5939 3666 5992 et
3727 5926 4037 5995 infinitos

181 6033 252 6100 50
288 6047 593 6102 armatos
644 6031 858 6097 etiam
906 6031 999 6097 de
1043 6031 1245 6112 terris
1290 6028 1627 6096 nobilium
1661 6029 2268 6112 Pallavicinorum,
2316 6031 2406 6100 de
2455 6031 2711 6100 Sancto
2759 6033 3023 6112 Vitalli,
3072 6034 3162 6100 de
3197 6033 3613 6120 Scipionio,'
3648 6035 3737 6100 de
3770 6034 4028 6122 Burgo,

4181 6065 4347 6106 c.4r
