4895 7066
539 2760 579 2791 c.
700 2761 727 2789 r

462 2802 613 2855 Mum,
642 2804 720 2844 200

887 455 976 533 lfi
1496 464 1505 473 ⁸
2169 457 2653 579 CRONIng
2712 456 3300 535 GESTORUM
3608 470 3714 543 [A.
3757 473 3920 527 1477
3957 467 4612 538 settembre-ottobte]

2095 616 3806 626 mmmmm-m---o—-mnmmo--w-..-W-—o-ffl--mn-..4--0--m--000--n01-00000--w
3811 618 3918 625 .-.-..--..
3925 617 4178 624 ...annam-m
4193 610 4602 624 vanam-..-fn--ffl

873 735 1224 793 narratum
1283 737 1411 807 est,
1471 724 1884 807 Mediolani,
1947 745 2105 793 cum
2166 724 2312 793 illic
2359 726 2513 805 fuit,
2559 725 3014 794 illustrissima
3058 727 3340 795 domina
3385 727 3662 797 ducissa
3707 727 3930 797 missit
3976 746 4220 797 omnes
4262 723 4619 795 consilia-

882 832 1026 901 rios
1071 851 1232 900 suos
1278 832 1488 900 castri
1532 833 1626 899 ad
1670 831 2087 901 visitandum
2136 854 2318 913 eum,
2363 827 2452 899 ac
2495 831 2723 919 ipsum
2768 833 3129 920 deputavit
3172 854 3302 921 pro
3345 834 3567 922 primo
3617 834 4015 903 consiliario
4059 843 4282 900 status
4324 831 4465 911 sui,
4518 829 4621 895 si-

881 938 1092 1029 bique
1140 937 1332 1007 dedit
1375 938 1767 1007 comitivam
1810 949 2283 1009 trecentorum
2330 959 2667 1029 equorum
2715 959 2870 1009 com
2918 939 3312 1007 honorabili
3356 940 3708 1031 stipendio
3757 952 3828 1009 et
3871 938 4294 1027 provisione,
4327 938 4614 1029 ipsum-

872 1066 1009 1133 que
1053 1044 1197 1117 illic
1241 1045 1545 1115 retinuit.
3501 1042 3514 1051 ’

1050 1152 1150 1223 Ut
1194 1164 1427 1220 autem
1475 1153 1670 1223 cives
1714 1154 1803 1221 de
1848 1152 2073 1225 tribus
2119 1152 2438 1242 squadris
2485 1154 2716 1222 vocati
2758 1153 3241 1223 Mediolanum
3287 1176 3416 1243 pro
3462 1154 3680 1245 gestis
3725 1176 3856 1243 per
3900 1174 4022 1222 eos
4081 1153 4157 1219 in
4218 1152 4486 1221 Parma
4538 1160 4620 1221 et
4707 1148 4744 1213 5

870 1272 1117 1327 contra
1161 1270 1413 1327 statum
1462 1272 1533 1328 et
1576 1261 1867 1329 Rubeos
1911 1260 2346 1349 punirentur,
2394 1260 2686 1353 relegati
2732 1273 2890 1328 sunt
2933 1263 3072 1329 hoc
3118 1263 3352 1344 mod0,
3406 1262 3772 1329 videlicet:
3822 1261 4174 1329 Sertorius
4219 1259 4618 1329 Billiardus
4863 1274 4864 1279 ’

869 1365 941 1430 in
991 1365 1272 1433 civitate
1319 1365 1728 1445 Cumarum
1772 1364 2126 1435 Antonius
2172 1367 2262 1434 de
2307 1367 2719 1459 Tayaferris
2763 1367 3105 1446 Novarie3
3150 1368 3400 1435 Petrus
3464 1369 3552 1435 de
3615 1368 3814 1437 Bono
3875 1366 4131 1455 Papie;
4196 1364 4616 1434 Christofo-

873 1494 989 1539 rus
1034 1472 1411 1543 Gotsaldus
1453 1473 1723 1561 positus
1768 1473 1906 1541 fuit
1951 1485 2023 1541 et
2067 1475 2457 1561 detemptus
2501 1475 2573 1540 in
2620 1485 2848 1543 castro
2892 1473 3318 1553 Mediolani3
3378 1473 3660 1542 Mateus
3703 1476 3794 1542 de
3839 1473 4160 1541 Lallacta
4219 1471 4613 1546 Terdone3

868 1578 1100 1646 Lucas
1144 1580 1234 1647 de
1280 1581 1340 1651 F
1342 1581 1586 1671 erarijs
1627 1577 2099 1660 Alexandrie3
2149 1581 2474 1649 dominus
2515 1580 2920 1649 Ludovicus
2962 1578 3271 1648 Antinus
3312 1581 3530 1671 Burgi
3562 1580 3784 1649 sancti
3825 1580 4116 1658 Donini3
4163 1576 4417 1666 reliqui
4451 1597 4616 1643 om-

869 1706 996 1754 nes
1040 1685 1447 1755 Mediolani.
1540 1686 1892 1755 Galvanus
1961 1687 2320 1757 Cantellus
2388 1688 2526 1757 fuit
2591 1687 3001 1756 terribiliter
3066 1688 3393 1768 curlatus,
3439 1699 3685 1775 postea
3745 1689 3995 1753 missus
4055 1686 4127 1751 in
4191 1683 4614 1752 carceribus
4671 1684 4749 1747 10

868 1792 1115 1882 Tricij.
1205 1794 1287 1860 In
1334 1793 1583 1882 quibus
1631 1792 1805 1861 locis
1850 1805 2192 1862 steterunt
2254 1807 2451 1863 certo
2508 1806 2824 1885 tempore
2886 1806 2958 1862 et
3016 1807 3264 1883 postea
3325 1815 3590 1874 omnes,
3636 1794 3948 1881 exceptis
3991 1793 4202 1861 Petro
4250 1793 4339 1858 de
4387 1791 4610 1857 Bono

871 1909 942 1965 et
988 1898 1309 1968 Galvano
1354 1899 1674 1968 Cantello
1722 1900 1985 1967 reversi
2031 1911 2191 1967 sunt
2233 1901 2310 1966 in
2353 1901 2741 1969 confinibus
2776 1923 2863 1967 ex
2891 1901 3118 1991 gratia
3146 1899 3425 1988 spetiali
3456 1899 3962 1967 Mediolanum.
4039 1896 4390 1965 Antonius
4418 1915 4604 1963 vero

873 2005 963 2073 de
1005 2005 1252 2073 Bravis
1299 2017 1369 2073 et
1414 2006 1811 2074 Rollandus
1864 2005 2156 2075 Rubeus
2209 2007 2445 2077 vocati
2488 2006 2970 2075 Mediolanum
3016 2007 3358 2077 licentiati
3389 2006 3673 2072 fuerunt
3690 2029 3708 2083 3
3755 2025 3970 2095 seque
4030 2002 4379 2071 Antonius
4440 2004 4607 2089 ipse

871 2113 961 2179 de
1006 2112 1257 2180 Bravis
1300 2112 1740 2181 infirmitatus
1787 2124 1894 2180 est
1951 2112 2346 2181 Mediolani
2391 2125 2463 2181 et
2512 2114 2675 2183 dum
2722 2134 2798 2182 se
2844 2114 3110 2203 portari
3177 2116 3450 2182 faceret
3515 2111 3867 2193 Parmam,
3930 2112 4004 2179 in
4069 2108 4353 2181 flumine
4414 2108 4608 2176 Padi

870 2239 1113 2285 versus
1156 2219 1482 2288 Rocham
1526 2219 1859 2289 Blancam
1909 2219 2094 2287 diem
2140 2240 2337 2287 suum
2386 2220 2637 2289 clausit
2681 2233 3086 2289 extremum.
3967 2238 3974 2246 ·
4659 2211 4736 2279 15

1053 2326 1134 2392 In
1179 2327 1317 2394 fine
1363 2326 1535 2397 dicti
1580 2327 1836 2394 mensis
1879 2326 2293 2414 septembris
2359 2328 2527 2394 anni
2580 2326 2746 2399 1477
2796 2330 2888 2397 ad
2935 2328 3459 2418 requisitionem
3526 2326 3806 2395 domine
3863 2325 4137 2395 ducisse
4199 2321 4606 2392 Mediolani

868 2452 1110 2500 omnes
1143 2433 1447 2521 capistri,
1494 2434 1614 2522 qui
1645 2435 2082 2523 aufugerant,
2117 2433 2559 2503 excomiatati
2590 2446 2748 2502 sunt
2780 2436 2871 2505 de
2902 2434 3294 2503 civitatibus
3323 2434 3614 2501 Mantue
3648 2446 3720 2502 et
3753 2434 3953 2501 ducis
3985 2432 4291 2499 Ferarie.
4383 2427 4604 2495 Multi

871 2549 1105 2607 tamen
1154 2562 1242 2609 ex
1287 2541 1389 2608 eis
1433 2562 1508 2608 se
1554 2542 1984 2608 reduxerunt
2028 2551 2103 2608 et
2146 2540 2412 2627 recepti
2458 2553 2615 2609 sunt
2661 2541 2736 2609 in
2781 2553 2969 2609 terra
3014 2542 3361 2632 Corrigie.

1053 2648 1325 2718 Eodem
1371 2667 1557 2714 anno
1610 2646 1775 2719 1477
1826 2647 1941 2714 die
1986 2660 2185 2715 sexto
2231 2647 2564 2727 octobris,
2611 2649 2938 2736 quoniam
2983 2649 3230 2716 infiniti
3262 2648 3682 2715 Parmenses
3724 2670 3799 2715 se
3846 2647 4381 2717 absentaverant
4410 2665 4457 2710 a
4488 2643 4596 2709 ci-

877 2754 1084 2821 vitate
1133 2766 1323 2821 metu
1369 2754 1540 2821 dicti
1584 2754 2067 2843 gubernatoris
2114 2765 2185 2821 et
2229 2776 2351 2821 sue
2394 2753 2709 2843 justitie,'
2756 2777 2843 2822 ne
2908 2756 3154 2823 civitas
3207 2766 3659 2823 evacuaretur
3722 2766 3826 2822 tot
3871 2752 4160 2833 civibus,
4209 2749 4419 2820 neve'
4466 2750 4599 2815 da-
4649 2750 4738 2812 20
4863 2802 4864 2827 ἶ

864 2861 962 2926 tia
1010 2861 1288 2927 ducalia
1337 2861 1968 2941 damnificarentur,
2016 2863 2108 2929 de
2155 2861 2485 2928 mandato
2532 2861 2764 2929 ducali
2812 2862 2929 2930 die
2975 2874 3172 2929 sexto
3237 2862 3545 2929 octobris
3604 2861 3780 2929 dicti
3832 2860 4001 2926 anni
4071 2857 4264 2939 1477,
4325 2857 4602 2948 magni-

868 2966 1040 3033 ficus
1085 2966 1407 3034 dominus
1450 2967 1879 3057 gubernator
1906 2968 2155 3034 Parme
2203 2967 2558 3036 mandavit
2589 2989 2717 3056 per
2746 2969 3102 3056 publicum
3135 2969 3511 3056 proclama,
3559 2969 3750 3056 quod
3798 2988 4040 3035 omnes
4084 2968 4204 3054 qui
4235 2988 4309 3032 se
4342 2963 4596 3031 absen-

869 3084 1189 3140 taverant
1234 3095 1279 3139 a
1324 3074 1608 3141 civitate
1654 3083 1726 3140 et
1772 3072 2092 3140 districtu
2136 3075 2408 3154 Parme,
2472 3074 2563 3142 ob
2624 3095 3067 3143 sacomanum
3130 3074 3541 3142 Rubeorum
3606 3086 3676 3140 et
3736 3075 3827 3141 ob
3887 3074 4216 3139 insultum
4277 3082 4592 3159 potesta-

864 3179 972 3258 tis,
1020 3180 1112 3246 de
1159 3180 1407 3267 quibus
1449 3202 1658 3268 supra
1702 3191 1967 3247 tactum
2013 3192 2136 3261 est,
2185 3180 2526 3249 deberent
2571 3182 2830 3249 reverti
2873 3183 3191 3250 Parmam
3240 3183 3437 3249 infra·
3460 3181 3860 3270 quindecim
3895 3182 4045 3248 dies
4073 3180 4430 3268 proxim0s
4461 3178 4590 3244 sub

865 3305 1051 3373 pena
1092 3286 1496 3356 rebellionis
1539 3299 1610 3355 et
1656 3288 2172 3355 confiscationis
2217 3288 2524 3355 omnium
2570 3311 2808 3357 eorum
2865 3288 3224 3369 bonorum,
3287 3288 3538 3378 quibus
3598 3289 4061 3357 illustrissima
4117 3286 4432 3370 domina,
4463 3286 4596 3352 du·
4644 3280 4730 3349 25

865 3393 1047 3459 cissa
1090 3393 1384 3481 gratiam
1429 3394 1736 3465 faciebat
1781 3395 1872 3463 ob
1920 3415 2244 3462 excessus
2288 3395 2670 3482 predictos,
2716 3396 2813 3462 ita
2855 3408 3086 3465 tamen
3149 3397 3336 3484 quod
3396 3396 3586 3464 bona
3646 3407 4090 3463 sacomanata
4149 3394 4597 3461 restitueren-

870 3511 999 3567 tur.
1091 3499 1512 3589 Exceptuati
1556 3511 1791 3570 tamen
1836 3512 1996 3570 sunt
2039 3500 2492 3590 infrascripti,
2538 3503 2657 3591 qui
2702 3504 2979 3571 fuerant
3022 3503 3095 3569 in
3145 3503 3334 3571 dicto
3383 3514 3682 3570 tractatu
3727 3502 4106 3572 occidendi
4164 3499 4597 3589 gubernato-

866 3630 1037 3688 rem,
1083 3608 1378 3676 sonandi
1425 3628 1832 3696 campanam
1874 3610 1967 3676 ad
2010 3609 2422 3689 martellum,
2469 3631 2554 3677 ac
2600 3609 2888 3677 Rubeos
2930 3610 3180 3677 iterum
3227 3610 3704 3698 depopulandi
3751 3621 3821 3677 et
3867 3606 4294 3697 expellendi,
4338 3615 4420 3671 ut
4479 3627 4598 3671 su-

869 3734 999 3800 pra
1043 3726 1394 3782 narratum
1440 3725 1566 3795 est,
1613 3715 1735 3803 qui
1781 3735 2025 3782 omnes
2068 3725 2230 3781 sunt
2279 3715 2368 3782 de
2415 3714 2633 3784 tribus
2678 3714 3013 3804 squadris,
3060 3737 3145 3782 ac
3191 3736 3424 3782 earum
3472 3715 3736 3794 amicis,
3802 3716 4061 3803 quique
4124 3712 4596 3780 interfuerant

864 3840 1236 3888 sacomano
1284 3833 1354 3889 et
1395 3822 1802 3890 tumultibus
1847 3822 2165 3912 superius
2211 3822 2550 3889 enarratis
2597 3833 2669 3889 et
2714 3823 2833 3911 qui
2863 3821 3142 3909 publice
3189 3822 3474 3889 fuerunt
3518 3822 3787 3889 banniti
3835 3833 3908 3889 et
3951 3821 4137 3888 bona
4185 3839 4428 3886 eorum
4460 3818 4595 3884 du·
4639 3817 4729 3882 :30

868 3927 1005 3993 cali
1054 3947 1324 3995 camere
1374 3927 1772 4008 confiscata,
1818 3950 2108 4017 quorum
2156 3929 2438 3995 nomina
2483 3939 2662 4008 sunt,
2708 3927 3072 3997 videlicet:
3120 3929 3478 4017 Johannes
3526 3929 3617 3996 de
3663 3927 3983 3995 Lallacta
4027 3937 4238 4015 caput
4267 3925 4590 4002 aliorum,

867 4033 1281 4102 Franciscus
1326 4055 1546 4122 nepos
1588 4034 1809 4102 Matei
1853 4037 1944 4102 de
1988 4034 2322 4114 Lallacta,
2368 4025 2788 4102 Franciscus
2819 4034 3139 4101 Villanus
3179 4039 3210 4072 ‘⁴
3232 4034 3613 4102 Mozonaso
3639 4083 3703 4117 „,
3736 4033 4070 4103 Chabriel
4099 4034 4192 4100 de
4223 4033 4291 4099 la
4321 4030 4599 4107 Viride,

867 4141 1256 4210 Gibellinus
1300 4142 1767 4221 Bernazonus,
1813 4143 2229 4210 Franciscus
2276 4142 2391 4209 del
2434 4142 2595 4222 Fra,
2640 4142 2999 4230 Johannes
3043 4141 3391 4222 Varollus,
3452 4142 3688 4224 Zinus,
3734 4142 4023 4222 Contus,
4069 4141 4307 4226 Zopus
4360 4135 4600 4205 Balle-

865 4248 1175 4328 strerius,
1235 4246 1386 4315 Leo
1433 4249 1523 4315 de
1569 4247 1889 4338 Bersillo,
1950 4246 2361 4316 Alexander
2418 4247 2761 4327 Burallus,
2822 4245 3166 4315 Pantaleo
3228 4248 3607 4329 Cantellus,
3668 4247 4057 4315 Andriotus
4118 4247 4208 4313 de
4270 4245 4596 4324 MarauO,

864 4353 1272 4424 Alexander
1318 4356 1408 4422 de
1454 4354 1705 4435 Cantu,
1766 4355 2076 4445 Jacobus
2138 4365 2209 4422 et
2268 4354 2688 4422 Laurentius
2752 4356 2840 4421 de
2905 4356 3112 4435 Vico,
3177 4354 3452 4441 Gaspar
3510 4357 3603 4422 de
3667 4355 4068 4446 Strimerijs,
4132 4353 4438 4442 Jacobus
4500 4353 4592 4418 de
4641 4349 4729 4416 35

866 4461 1092 4542 Colla,
1136 4460 1459 4529 Andreas
1506 4462 1596 4529 de
1641 4461 1938 4543 Mutina,
1986 4461 2337 4542 Prodoch,
2385 4462 2608 4528 donus
2654 4462 3055 4529 Bernardus
3098 4460 3566 4550 Benzivegna,
3628 4462 4006 4529 Billiardus
4068 4473 4139 4529 et
4200 4459 4589 4548 Gregorius

867 4569 955 4635 de
1001 4569 1373 4648 Billiardis,
1418 4568 1788 4637 Manzinus
1835 4572 1924 4641 de
1971 4569 2393 4648 Cortellinis‚
2440 4566 2691 4635 Petrus
2738 4579 2809 4636 et
2851 4569 3195 4636 Toracius
3241 4569 3527 4658 Sbyrus,
3576 4568 3928 4637 Antonius
3989 4571 4081 4637 de
4141 4569 4212 4635 la
4275 4568 4596 4635 Concor-

868 4676 1005 4754 dia,
1055 4676 1395 4743 Genesius
1443 4675 1532 4743 de
1578 4676 1895 4756 Bazanis,
1966 4676 2237 4762 Gaspar
2302 4677 2394 4743 de
2464 4675 2795 4754 Minellis,
2862 4676 3220 4764 Johannes
3265 4675 3608 4743 Martinus
3655 4677 3745 4742 de
3790 4676 4174 4755 Fulchinis,
4219 4672 4592 4764 Togninus

864 4782 1207 4864 Villanus,
1256 4783 1592 4851 silvester
1637 4782 2009 4862 Colbenus,
2059 4784 2476 4850 Franciscus
2522 4781 2912 4849 Sabadinus
2959 4796 3029 4849 et
3075 4783 3357 4868 Baptus.
3449 4782 3542 4849 Et
3604 4783 3775 4850 licet
3837 4782 3955 4873 alij
4020 4781 4365 4848 haberent
4421 4802 4585 4869 gra-

867 4889 1032 4956 tiam
1078 4910 1209 4979 per
1253 4890 1631 4976 proclama,
1679 4890 1769 4956 de
1815 4909 1953 4979 quo
1999 4910 2229 4976 supra,
2275 4888 2724 4956 nihilominus
2769 4891 2980 4975 pauci
3025 4889 3284 4956 reversi
3348 4900 3529 4968 sunt,
3593 4889 3913 4955 timentes
3972 4900 4263 4976 propter
4307 4888 4590 4954 restitu-
4640 4890 4729 4952 40

864 4996 1121 5064 tionem
1168 4996 1541 5075 sacomani,
1588 5018 1795 5085 quam
1841 4998 2082 5063 facere
2131 4995 2491 5065 nollebant
2538 5008 2607 5062 et
2654 4996 2852 5084 quasi
2901 5016 3140 5062 omnes
3202 5017 3342 5063 non
3404 5007 3747 5083 poterant,
3810 5017 3969 5062 cum
4031 4995 4216 5062 bona
4276 5013 4590 5061 sacoma-

867 5114 1032 5169 nata
1098 5102 1558 5191 discipassent
1605 5113 1675 5169 et
1720 5102 2323 5189 consumpsissent.
2414 5102 2688 5169 Illarius
2732 5100 3135 5194 Begarinus,
3184 5102 3304 5190 qui
3349 5104 3537 5169 dicto
3585 5103 3915 5170 tractatui
3958 5102 4311 5189 particeps
4340 5101 4597 5177 fuerat,

866 5207 1198 5296 illumque
1243 5210 1737 5288 manifestavit,
1783 5208 2109 5277 liberatus
2158 5220 2263 5276 est
2307 5209 2398 5277 ab
2445 5208 2682 5276 exili0.

1059 5315 1138 5381 In
1184 5316 1322 5382 hoc
1367 5315 1605 5383 exillio
1637 5335 1777 5381 non
1808 5315 2093 5382 fuerunt
2136 5314 2350 5403 positi
2394 5312 2743 5381 Antonius
2788 5316 2877 5382 de
2923 5315 3251 5396 Vallaria,
3285 5316 3452 5383 licet
3483 5317 3806 5384 conscius
3839 5329 3911 5383 et
3939 5315 4297 5403 particeps
4342 5326 4601 5381 tracta-

864 5434 975 5490 tus
1019 5422 1377 5502 antedicti,
1426 5422 1592 5509 quia
1638 5423 1789 5510 ipse
1839 5423 2104 5512 detegit
2151 5435 2220 5489 et
2264 5422 2765 5490 demonstravit
2810 5424 3099 5502 litteras,
3147 5444 3316 5509 quas
3379 5423 3726 5491 Sertorius
3786 5421 4168 5491 Billiardus
4222 5422 4601 5509 scripserat
4648 5418 4730 5486 45

864 5551 995 5616 pro
1029 5528 1417 5598 occidendo
1449 5528 2010 5620 gubernatorem.
2100 5529 2284 5596 Nam
2315 5529 2405 5595 he
2440 5529 2670 5596 littere
2703 5530 2793 5597 ad
2825 5551 2982 5595 suas
3011 5549 3255 5596 manus
3286 5543 3775 5616 pervenerant,
3809 5551 3968 5596 cum
3999 5529 4390 5619 aufugisset
4420 5528 4599 5596 Cor-

864 5634 1132 5725 rigiam.
1222 5632 1334 5700 Ac
1367 5635 1575 5702 etiam
1603 5633 1912 5702 Lazarus
1945 5635 2033 5702 de
2064 5633 2431 5701 Fulchinis
2466 5633 2665 5700 huius
2697 5644 3030 5701 tractatus
3076 5635 3396 5712 conscius
3428 5649 3497 5702 et
3526 5631 3602 5700 in
3635 5636 3828 5701 cuius
3860 5635 4072 5701 domo
4104 5636 4337 5722 prima
4381 5634 4598 5701 verba

868 5741 1055 5809 dicta
1084 5741 1385 5821 fuerant,
1417 5741 1950 5831 aufugeratque,
1980 5763 2055 5809 se
2085 5742 2264 5833 juvit
2292 5763 2464 5810 auro
2495 5751 2564 5806 et
2595 5752 2903 5830 argent0,
2938 5742 3109 5808 deos
3140 5741 3513 5827 placand0,
3548 5762 3686 5831 quo
3719 5742 3954 5809 medio
3988 5742 4273 5807 exilium
4306 5739 4591 5816 vitavit3

865 5848 1135 5936 ipsique
1171 5847 1309 5914 duo
1337 5845 1689 5915 Antonius
1721 5860 1792 5915 et
1817 5846 2121 5915 Lazarus
2151 5848 2416 5915 reversi
2445 5859 2606 5914 sunt
2635 5846 2951 5914 Parmam
2983 5858 3054 5914 et
3082 5870 3222 5914 una
3253 5869 3409 5915 com
3442 5849 3541 5915 eis
3569 5849 3841 5915 Illarius
3868 5848 4276 5938 Begarinus,
4306 5846 4487 5912 firmi
4524 5858 4596 5912 et

863 5954 1039 6024 illesi
1069 5965 1410 6026 steterunt
1440 5952 1531 6026 ob
1559 5955 1921 6046 premissa,
1946 5954 2111 6022 licet
2157 5966 2388 6022 essent
2421 5974 2509 6023 ex
2532 5953 2798 6025 vocatis
2827 5953 3307 6022 Mediolanum
3337 5954 3409 6020 in
3437 5954 3862 6043 relegatione
3892 5955 4207 6041 superius
4240 5973 4594 6041 expressa.
4643 5950 4728 6020 50
