4895 7066
341 541 459 614 [A.
494 541 647 599 1479
683 542 1051 615 settembre]
1521 532 1632 607 IN
1687 528 2209 606 PARTIBUS
2264 528 2899 606 LOMBARDIE
3968 528 4063 603 55

1625 682 3161 693 -WQ-u—-vmm-mmmumffl-moonn-outo-unumne&
3167 680 3927 691 ammmm-muunooanm
3929 681 4081 691 uuuuuu

381 796 613 863 ditibus
656 805 725 861 et
766 795 1139 883 armigeris
1211 795 1556 883 allogiatis
1606 795 1699 861 ad
1763 794 2151 863 custodiam
2199 794 2473 873 Parme,
2520 794 2612 860 ad
2657 817 2865 882 quem
2935 795 3296 862 visendum
3358 806 3545 861 totus
3605 796 3901 882 populus
3962 815 4081 859 cu-

380 905 470 969 rit
512 903 575 968 in
612 914 823 969 strata
865 902 961 968 de
1009 901 1272 970 Sancto
1317 902 1674 969 Michaeli.
1768 902 2027 969 Sonate
2074 915 2229 968 sunt
2276 921 2617 988 campane
2680 902 2769 968 de
2830 903 3041 978 fest03
3110 900 3440 989 alogiavit
3485 900 3560 967 in
3622 902 3909 990 pallatio
3953 921 4082 990 gu-

380 1006 771 1088 bernatoris,
833 1029 1181 1096 maneque
1235 1007 1563 1095 sequenti
1602 1009 1914 1075 similiter
1972 1007 2353 1074 associatus
2413 1006 2541 1073 ivit
2599 1008 2691 1074 ad
2734 1006 3042 1096 Burgum
3106 1007 3348 1074 Sancti
3389 1008 3672 1087 Donini,
3734 1007 3950 1074 iturus
4010 1005 4084 1072 in

372 1115 636 1205 agmine
681 1114 921 1183 ducali
964 1114 1298 1203 Viquerie
1346 1114 1437 1181 ad
1481 1116 1873 1202 oppositum
1921 1113 2188 1182 domini
2235 1112 2559 1195 Roberti,
2605 1114 2932 1202 facteque
2976 1126 3134 1181 sunt
3178 1113 3306 1181 sibi
3353 1126 3423 1181 et
3468 1116 3654 1182 omni
3698 1134 3822 1182 sue
3867 1114 4083 1181 comi-

274 1222 316 1288 5
366 1224 516 1288 tive
558 1240 862 1308 expense
907 1221 1187 1289 nomine
1233 1221 1672 1288 dominorum
1720 1223 2001 1290 ducum.

540 1326 912 1394 Prefactus
957 1328 1101 1395 dux
1143 1326 1483 1394 Hercules
1527 1349 1685 1395 cum
1732 1326 2183 1414 applicuisset
2241 1326 2629 1405 placentie,
2693 1327 2831 1394 iter
2890 1349 3081 1393 suum
3146 1328 3436 1394 dirrexit
3480 1327 3720 1414 Papie,
3784 1338 3860 1393 ut
3921 1347 4077 1393 com

353 1433 681 1501 exercitu
729 1433 987 1512 ducali,
1034 1432 1155 1521 qui
1198 1434 1610 1500 transiverat
1654 1433 1948 1513 Padum,
1997 1455 2072 1500 se
2120 1435 2445 1524 jungeret
2479 1444 2550 1500 et
2581 1433 2716 1500 iret
2744 1434 2837 1501 ad
2868 1434 3172 1523 Burgum
3216 1431 3639 1523 Bassignane
3687 1455 3842 1501 com
3889 1433 4086 1501 bom-

357 1541 621 1619 bardis,
667 1537 792 1604 ubi
840 1540 1160 1606 dominus
1203 1538 1555 1607 Robertus
1603 1542 1848 1609 aderat
1877 1561 2032 1607 com
2065 1560 2188 1607 suo
2220 1539 2560 1616 exercitu3
2609 1550 2678 1607 et
2721 1550 3095 1628 antequam
3142 1540 3293 1607 illic
3339 1540 3810 1628 applicuisset,
3841 1552 4086 1629 gentes

360 1646 630 1713 domini
679 1646 1106 1712 marchionis
1149 1645 1645 1727 Montisferati,
1694 1648 1900 1714 etiam
1949 1647 2298 1733 capitanei
2344 1645 2632 1725 ducalis,
2679 1646 3200 1714 insurrexerunt
3245 1660 3490 1715 contra
3536 1648 3891 1715 dominum
3936 1647 4087 1714 Ro-

239 1756 315 1819 10
360 1752 634 1820 bertum
683 1773 843 1820 com
887 1773 1011 1819 suo
1059 1753 1373 1820 exercitu
1418 1753 1817 1842 allogiatum
1866 1753 1942 1819 in
1986 1746 2179 1843 agro'
2219 1752 2435 1841 Burgi
2489 1752 2934 1841 Bassignane‚
2996 1775 3152 1822 com
3200 1774 3342 1842 quo
3402 1774 3611 1844 agere
3675 1755 4083 1823 habuerunt.

356 1861 599 1927 Nostri
644 1872 880 1928 autem
922 1861 1253 1949 fugarunt
1299 1859 1655 1929 dominum
1699 1859 2087 1929 Robertum
2134 1860 2316 1926 intra
2360 1860 2594 1926 menia
2639 1860 2865 1938 castri,
2913 1860 3406 1949 allogiamenta
3451 1861 3687 1928 omnia
3748 1882 3873 1927 sua
3934 1882 4088 1928 cre-

350 1980 747 2045 maverunt,
780 1978 1257 2055 ceperuntque
1283 1967 1356 2033 in
1378 1967 1626 2054 prellio
1656 1987 1871 2034 unum
1903 1967 2051 2034 eius
2080 1966 2293 2032 filium
2326 1966 2711 2033 naturalem
2742 1979 2983 2053 postea
3011 1968 3445 2054 redemptum
3475 1990 3519 2034 a
3551 1968 3692 2035 suis
3714 1967 4085 2055 peditibus.

534 2070 676 2139 Die
722 2084 918 2140 sexto
964 2073 1380 2160 septembris
1440 2075 1698 2161 scripte
1760 2086 1922 2142 sunt
1982 2073 2216 2141 littere
2265 2071 2552 2141 ducales
2615 2086 2685 2140 et
2745 2072 3096 2159 publicate
3158 2075 3230 2140 in
3293 2074 3650 2141 antianatu
3712 2086 3783 2141 et
3834 2095 4086 2164 magna

354 2179 729 2271 credentia
772 2178 1024 2246 Parme
1072 2199 1229 2246 com
1273 2201 1413 2246 una
1457 2182 1664 2267 copia
1708 2180 2092 2248 litterarum
2140 2179 2627 2247 dominationis
2686 2179 3138 2246 Venetiarum
3199 2181 3614 2268 scriptarum
3674 2180 4086 2261 Mediolani,

228 2286 305 2351 15
353 2286 661 2375 qualiter
706 2286 1092 2353 sentientes
1137 2287 1392 2353 Veneti
1438 2286 1828 2354 disturbum
1876 2289 2116 2356 datum
2167 2286 2373 2354 statui
2416 2285 2826 2365 Mediolani,
2873 2300 3291 2373 paraverant
3322 2300 3567 2378 gentes
3596 2309 3752 2355 suas
3780 2290 3855 2354 in
3888 2287 4084 2355 auxi-

350 2394 525 2458 lium
577 2404 911 2470 nostrum,
958 2393 1185 2479 parati
1231 2414 1471 2460 omnes
1515 2413 1752 2461 eorum
1799 2393 2169 2462 facultates
2212 2392 2612 2480 expendere
2658 2412 2787 2480 pro
2836 2393 3241 2461 defensione
3290 2406 3523 2462 nostra
3570 2408 3640 2461 et
3685 2415 3869 2461 nunc
3931 2395 4087 2461 mit-

354 2512 587 2567 temes
628 2499 821 2566 mille
867 2519 1083 2587 equos
1127 2512 1198 2566 et
1244 2500 1382 2566 duo
1430 2500 1615 2568 mille
1660 2501 1937 2588 pedites
1980 2501 2052 2567 in
2098 2522 2457 2568 sucursum
2504 2501 2758 2567 ducum
2807 2498 3219 2569 Mediolani.

532 2607 813 2672 Eodem
874 2627 1060 2673 anno
1137 2604 1304 2677 1479
1372 2620 1624 2675 octavo
1693 2607 2126 2695 septembris,
2174 2628 2314 2696 quo
2361 2607 2755 2676 celebratur
2819 2608 3138 2676 nativitas
3197 2607 3413 2677 Beate
3467 2606 3778 2698 Virginis
3838 2610 4083 2689 Marie,

360 2714 691 2781 dominus
733 2712 1143 2781 Ludovicus
1189 2712 1468 2791 Sforcia
1510 2714 2060 2787 malecontentus
2106 2716 2196 2783 de
2258 2716 2474 2804 gestis
2532 2735 2661 2801 per
2721 2734 2898 2793 eum,
2947 2733 3162 2801 opera
3207 2716 3475 2782 domini
3521 2717 3724 2784 ducis
3767 2717 4089 2784 Herculis

227 2823 317 2887 20
358 2819 636 2908 perexit
681 2819 1160 2887 Mediolanum
1210 2821 1299 2887 ad
1344 2821 1871 2889 illustrissimam
1917 2823 2268 2889 dominam
2331 2822 2699 2908 ducissam,
2748 2823 2862 2889 cui
2907 2823 3180 2889 veniam
3243 2823 3445 2911 petijt
3507 2836 3577 2889 et
3624 2825 3711 2893 ab
3759 2845 3846 2891 ea
3888 2824 4089 2892 beni-

363 2948 499 3015 gne
544 2927 865 3009 obtinuit,
926 2927 1271 3013 pollicens
1331 2949 1405 2995 se
1469 2928 1622 2994 vele
1683 2950 1832 2996 esse
1895 2928 2107 2995 fidum
2171 2929 2375 2996 huius
2433 2939 2672 3009 status,
2721 2930 2810 2996 de
2854 2949 2994 3017 quo
3040 2928 3480 2997 illustrissimi
3543 2931 3805 2997 domini
3868 2931 4088 2997 nostri

342 3033 790 3120 scripserunt
837 3031 1248 3101 officialibus
1291 3034 1380 3101 de
1424 3034 1673 3117 Parme
1708 3035 1973 3101 litteras
2004 3036 2178 3102 tanti
2209 3036 2377 3103 novi
2423 3035 2812 3121 publicatas
2840 3036 2917 3100 in
2946 3036 3158 3122 pleno
3189 3037 3450 3123 populo
3484 3037 3757 3105 decimo
3790 3051 4088 3125 septem-

365 3139 505 3205 bris
550 3151 625 3206 et
670 3151 1069 3207 exortantes
1113 3139 1303 3207 cives
1347 3141 1440 3207 ad
1485 3140 1665 3209 bene
1712 3143 2158 3229 sperandum,
2205 3143 2397 3229 quod
2440 3143 2514 3207 in
2560 3140 2752 3208 brevi
2800 3142 3032 3208 omnia
3078 3143 3257 3209 male
3304 3143 3685 3230 composita
3714 3144 3807 3210 ad
3836 3165 4086 3232 pacem

370 3258 438 3312 et
482 3246 787 3334 quietem
829 3247 1370 3324 reducerentu13
1419 3267 1558 3335 quo
1601 3248 1853 3314 iterum
1899 3247 2124 3314 lavate
2170 3259 2330 3313 sunt
2375 3247 2798 3314 offensiones
2842 3248 2917 3314 in
2965 3259 3262 3336 utroque
3311 3250 3644 3316 exercitu.

253 3350 330 3416 25
540 3351 942 3419 Undecimo
986 3351 1397 3438 septembris
1450 3351 1617 3423 1479
1664 3354 2018 3439 publicate
2066 3365 2137 3421 et
2180 3355 2363 3420 lecte
2411 3364 2571 3421 sunt
2627 3353 2853 3420 littere
2901 3354 3187 3421 ducales
3245 3354 3319 3419 in
3365 3354 3614 3422 Parma
3658 3376 3895 3423 coram
3945 3356 4090 3424 offi-

372 3458 677 3538 cialibus,
725 3459 1027 3525 antianis
1074 3472 1146 3526 et
1190 3459 1423 3526 multis
1471 3459 1760 3539 civibus,
1810 3460 2108 3548 qualiter
2156 3460 2420 3531 domini
2486 3460 2703 3526 nostri
2764 3473 3212 3548 susceperant
3272 3461 3800 3529 illustrissimum
3864 3464 4089 3531 domi-

371 3588 525 3631 num
570 3565 1017 3633 Ludovicum
1064 3565 1414 3634 Sforciam
1461 3569 1753 3634 fratrem
1800 3569 2154 3656 quondam
2202 3567 2401 3635 ducis
2447 3566 2706 3634 Galeaz
2752 3567 2821 3633 in
2871 3587 3107 3634 eorum
3152 3569 3466 3658 gratiam,
3514 3569 3626 3638 ac'
3672 3570 3898 3657 ipsum
3942 3591 4082 3636 una

376 3692 524 3737 com
572 3670 921 3760 aliquibus
964 3672 1055 3739 de
1103 3673 1394 3740 consilio
1439 3694 1564 3740 suo
1611 3672 2117 3760 deputaverant
2161 3693 2291 3759 pro
2337 3673 2803 3763 gubernatore
2849 3674 3163 3761 generali
3211 3675 3418 3742 totius
3462 3677 3568 3742 sui
3601 3676 3912 3764 dominij,
3959 3676 4083 3743 de-

374 3780 713 3846 tinuerant
742 3799 1022 3867 quoque
1057 3779 1408 3847 dominum
1442 3779 1758 3860 Cichum,
1791 3779 2139 3847 dominum
2170 3778 2550 3847 Antonium
2577 3779 2791 3846 filium
2822 3778 3050 3847 suum'
3081 3792 3154 3847 et
3184 3781 3454 3870 aliquos
3484 3784 3659 3849 alios
3687 3804 3815 3870 pro
3848 3805 4084 3851 eorum

268 3887 339 3950 30
377 3886 766 3963 demeritis3
817 3885 1214 3975 dictumque
1247 3887 1399 3966 fuit,
1433 3886 1622 3975 quod
1653 3897 1852 3954 erant
1899 3887 2219 3954 dominus
2264 3887 2524 3955 Orfeus
2570 3889 2661 3956 de
2708 3888 2983 3955 Ricavo
3029 3909 3205 3955 unus
3251 3912 3339 3956 ex
3384 3890 3800 3981 consiliarijs
3847 3892 4082 3970 castri,

374 3994 688 4059 dominus
727 3993 1084 4081 Johannes
1128 3993 1511 4082 Symoneta
1555 3994 1774 4060 frater
1822 3994 2084 4060 domini
2116 3993 2343 4073 Cichi,
2374 3993 2782 4063 Alexander
2812 3995 3130 4064 Collecta
3177 3996 3650 4077 canzellarius,
3681 3995 4086 4065 Alexander

377 4101 457 4166 de
502 4099 849 4187 Fulgineo
897 4100 1404 4167 commissarius
1448 4099 2069 4186 provisionatorum
2117 4113 2188 4168 et
2234 4101 2554 4168 dominus
2582 4103 2938 4191 Johannes
2970 4100 3235 4182 Bottus,
3284 4105 3477 4170 cuius
3507 4104 3686 4170 filius
3718 4106 4086 4191 episcopus

374 4206 700 4273 Terdone
746 4205 824 4271 in
871 4206 1197 4291 captione
1245 4206 1541 4273 civitatis
1572 4207 1706 4275 fuit
1739 4208 2133 4295 detemptus
2163 4219 2232 4274 et
2263 4207 2524 4294 positus
2555 4210 2646 4274 ad
2675 4208 2951 4275 talleam
2983 4208 3072 4275 de
3108 4211 3378 4276 ducatis
3423 4215 3717 4306 quatuor
3749 4211 4082 4288 millibus3

375 4314 771 4400 dictumque
817 4312 974 4391 fuit,
1023 4313 1213 4400 quod
1258 4312 1460 4380 aliter
1506 4333 1647 4381 non
1692 4325 1967 4401 poterat
2027 4313 2197 4393 fieri,
2245 4316 2303 4380 si
2349 4335 2601 4404 guerra
2659 4315 2940 4401 incepta
3007 4317 3080 4381 in
3125 4317 3565 4384 Terdonensi
3640 4329 3710 4384 et
3755 4318 4081 4404 Papiensi

277 4417 344 4486 35
386 4419 684 4486 debebat
727 4418 930 4498 finiri,
975 4419 1082 4487 sic
1130 4419 1341 4487 etiam
1386 4421 1683 4487 instante
1729 4422 2030 4488 maxima
2060 4433 2256 4508 parte
2288 4422 2530 4508 populi
2560 4421 2980 4499 Mediolani;
3036 4423 3491 4512 deputatique
3522 4437 3679 4491 sunt
3710 4425 3800 4491 ad
3832 4445 4085 4491 novum

374 4527 682 4614 regimen
706 4546 863 4592 com
889 4525 1081 4593 dicto
1108 4526 1391 4594 domino
1418 4526 1776 4594 Ludovico
1806 4549 2040 4596 comes
2062 4529 2419 4617 Johannes
2443 4529 2872 4596 Bonromeus
2903 4541 2974 4595 et
3004 4525 3321 4596 dominus
3343 4529 3589 4597 Petrus
3622 4533 3711 4597 de
3743 4530 4085 4598 Pusterla.

545 4632 703 4699 Hac
773 4632 960 4699 enim
1031 4632 1147 4699 die
1194 4632 1686 4719 publicationis
1750 4634 2127 4702 litterarum
2189 4634 2660 4720 predictarum
2722 4636 2982 4722 reperti
3043 4649 3202 4703 sunt
3262 4637 3704 4725 quamplures
3764 4638 4084 4705 bulletini

376 4740 661 4826 appensi
726 4740 822 4807 ad
890 4740 1127 4807 valvas
1174 4751 1244 4807 et
1288 4739 1575 4826 pallatia
1617 4740 1821 4808 huius
1875 4742 2170 4808 effectus
2241 4745 2271 4778 ‘⁶
2295 4741 2360 4808 Ο
2407 4763 2531 4808 vos
2578 4742 2666 4808 de
2715 4743 2998 4809 civitate
3057 4742 3369 4833 jubillate
3418 4756 3488 4811 et
3535 4744 3864 4812 letamini.
3961 4744 4083 4812 Sol

387 4851 416 4882 ‘³
438 4858 669 4913 vester
712 4846 958 4932 incipit
1004 4831 1437 4913 enucescere'
1476 4859 1547 4914 et
1592 4847 1663 4912 in
1708 4847 1907 4915 brevi
1953 4868 2165 4936 super
2209 4848 2476 4915 emulos
2520 4860 2786 4916 vestros
2833 4848 3317 4918 obscurabitur
3342 4898 3402 4931 „.

270 4953 343 5017 40
560 4950 725 5031 Qua
770 4953 980 5019 etiam
1024 4952 1139 5020 die
1186 4941 1472 5021 co'mites
1517 4950 1889 5033 Marsilius,
1934 4953 2241 5044 Jacobus
2287 4965 2360 5021 et
2404 4952 2777 5022 Amoratus
2821 4956 3072 5022 fratres
3119 4957 3208 5023 de
3255 4957 3578 5039 Torellis,
3626 4960 3880 5026 auditis
3923 4981 4084 5046 pre·

376 5059 578 5127 dictis
624 5071 696 5126 et
740 5059 859 5147 qui
902 5056 1319 5127 videbantur
1362 5061 1667 5146 suspecti
1713 5061 1922 5127 statui
1967 5061 2381 5142 Mediolani,
2429 5082 2562 5129 nec
2611 5083 2912 5149 unquam
2977 5062 3338 5131 voluerant
3400 5066 3746 5132 accedere
3806 5065 4085 5134 Medio-

379 5166 627 5246 lanum,
677 5164 928 5233 habitis
972 5165 1218 5233 litteris
1264 5189 1308 5233 a
1353 5167 1640 5235 domino
1684 5167 2051 5235 Ludovico
2098 5168 2441 5254 predict0,
2492 5169 2952 5236 transiverunt
2997 5191 3124 5256 per
3155 5168 3474 5237 Parmam
3506 5170 3802 5239 allacres
3832 5185 3902 5239 et
3935 5172 4074 5251 leti,

381 5283 624 5339 euntes
665 5271 1164 5339 Mediolanum.
1260 5272 1565 5361 Suspitio
1609 5276 1747 5341 hec
1795 5275 2230 5354 causabatur,
2278 5275 2439 5362 quia
2486 5275 2806 5343 dominus
2866 5276 3294 5363 Baptistinus
3364 5278 3453 5345 de
3499 5279 4083 5369 Campofrugosio

377 5382 515 5446 dux
556 5380 784 5468 Janue
832 5391 980 5445 erat
1023 5399 1261 5446 eorum
1311 5394 1665 5471 cognatus,
1714 5402 1798 5448 ac
1842 5381 2259 5449 Franciscus
2306 5383 2394 5449 de
2441 5383 2746 5448 Torellis
2790 5385 3123 5451 naturalis
3165 5384 3258 5451 ad
3305 5385 3651 5472 stipendia
3697 5387 3885 5476 regis
3917 5388 4083 5454 Fer-

262 5486 333 5552 45
378 5487 665 5553 dinandi
709 5485 1015 5552 militans
1062 5497 1212 5553 erat
1257 5504 1498 5554 eorum
1541 5489 1794 5566 frater3
1857 5489 2176 5576 maleque
2240 5487 2777 5565 contentebatur
2837 5490 2924 5556 de
2988 5502 3169 5558 statu
3228 5489 3614 5557 Mediolani
3683 5493 3772 5560 ob
3845 5514 4084 5560 eorum

375 5594 794 5682 stipendium
840 5604 912 5660 et
958 5594 1049 5659 de
1096 5614 1180 5660 eo
1226 5613 1299 5661 se
1347 5595 1974 5682 conquerebantur,
2009 5594 2510 5683 dicebaturque
2559 5617 2681 5663 eos
2723 5595 3048 5663 habuisse
3097 5597 3517 5683 stipendium
3566 5621 3608 5664 a
3655 5598 3849 5666 dicto
3896 5619 4084 5688 rege.

536 5702 716 5769 Cum
767 5699 960 5767 enim
1007 5698 1324 5786 depositi,
1370 5700 1553 5788 capti
1602 5712 1673 5768 et
1718 5700 2055 5787 detempti
2098 5701 2387 5768 fuissent
2435 5702 2772 5770 antedicti
2818 5703 3136 5769 dominus
3180 5702 3440 5770 Cichus
3485 5716 3554 5771 et
3599 5705 3745 5795 alij,
3791 5707 4087 5793 populus

368 5808 753 5879 Mediolani
803 5805 991 5873 curit
1034 5806 1129 5873 ad
1175 5806 1418 5873 domos
1463 5806 1725 5873 domini
1772 5806 2001 5887 Cichi,
2049 5807 2311 5873 domini
2357 5808 2695 5894 Johannis
2755 5811 2994 5875 fratris
3038 5810 3167 5888 sui,
3232 5811 3496 5876 domini
3562 5810 3765 5877 Orfei
3837 5825 3908 5879 et
3951 5814 4085 5880 Fa·

359 5918 543 6011 bricij
595 5918 694 5985 de
742 5913 1079 5991 Ancona,
1125 5934 1296 6002 quas
1340 5914 1413 5980 in
1458 5925 1677 5982 totum
1722 5927 2376 5992 sacomanaverunt;
2427 5926 2496 5981 et
2542 5918 2928 6002 procedere
2976 5916 3285 5983 volentes
3330 5918 3422 5983 ad
3467 5917 3643 5984 alias
3690 5920 3932 5986 domos
3981 5922 4089 5987 fo·

234 6023 307 6094 50
340 6028 673 6106 tensium,
752 6023 964 6089 facta
1031 6020 1579 6108 proclamatione
1628 6019 1879 6101 ducali,
1927 6020 2366 6088 desisterunt.
2457 6019 2928 6090 Ambroxinus
2983 6044 3256 6112 quoque
3328 6025 3417 6091 de
3461 6024 3916 6115 Lugagnano,
3964 6027 4084 6115 qui

4233 3590 4427 3639 e.58v

4291 3813 4392 3851 υι..
4423 3801 4505 3843 319

4238 5737 4279 5770 ι’.
4307 5733 4426 5776 50?
