4895 7066
676 2667 715 2695 c.
749 2661 821 2692 122
852 2662 877 2691 r

616 3185 771 3234 Mum,
803 3183 884 3225 3⁹0

1040 443 1180 518 114
2312 447 2790 524 CRONICA
2848 448 3427 523 GESTORUM
3788 456 3893 529 [Α.
3936 460 4100 515 1482
4137 459 4693 532 agusto-settembre]

1043 593 2822 606 *mmmm-..eun-m-mcu--Qm-aem—mffl.-nfflon·
2829 597 2894 604 n...—
2908 596 3136 605 -u--o-o-—o--u—
3143 596 3590 606 ou-mmmmumm
3596 596 3652 606 rm·
3669 596 3850 606 --aom

1018 718 1356 775 venerunt
1401 706 1537 774 due
1582 705 1810 794 gallee
1854 705 2038 793 regis
2086 706 2508 774 Ferdinandi
2552 707 2624 772 in
2668 719 2873 794 portu
2919 708 3162 796 Janue,
3213 706 3590 773 clamantes
3653 708 3683 742 ‘⁶
3709 707 3949 785 Ferro,
4014 706 4237 771 Ferro
4264 753 4326 785 „‚
4385 718 4458 772 ut
4501 709 4699 775 civita-

1021 827 1159 882 tem
1206 814 1425 901 Janue
1474 825 1989 879 commoverent
2034 825 2103 878 et
2149 833 2237 879 ne
2282 814 2468 879 idem
2517 814 2835 882 dominus
2870 815 3221 902 Johannes
3265 812 3690 900 Augustinus
3733 824 3968 898 posset
4015 831 4055 877 e
4099 811 4330 897 patria
4386 813 4701 884 discedere

1024 933 1094 987 et
1137 933 1212 987 ut
1256 920 1573 986 transitus
1616 940 1777 985 suus
1824 920 1997 985 citra
2039 932 2307 986 montes
2353 920 2819 1006 impediretur,
2865 932 3072 1006 prout
3113 920 3482 1006 impeditus
3527 920 3677 986 fuit.

1198 1026 1554 1114 Vigesimo
1598 1027 1908 1091 secondo
1957 1026 2223 1113 augusti
2259 1047 2414 1091 cum
2445 1027 2805 1112 prefactus
2850 1027 3168 1093 dominus
3214 1025 3678 1092 Petrusmaria
3722 1026 4024 1113 graviter
4069 1027 4522 1093 infirmaretur
4549 1043 4610 1094 et
4636 1032 4706 1096 de

1020 1135 1165 1202 eius
1207 1135 1349 1201 vita
1394 1132 1839 1212 dubitaretur,
1888 1133 2290 1221 magnificus
2335 1133 2653 1199 dominus
2701 1133 2933 1199 Guido
2979 1131 3271 1199 Rubeus
3301 1133 3503 1198 fillius
3533 1154 3713 1212 suus,
3745 1133 3863 1220 qui
3896 1154 3937 1197 a
3968 1132 4233 1199 Sancto
4284 1133 4595 1200 Secundo
4636 1139 4708 1202 ad
4774 1144 4783 1205 ἔ

1025 1261 1181 1309 eum
1227 1241 1298 1306 in
1341 1239 1725 1305 Tureclara
1769 1252 2073 1317 venerat,
2119 1239 2518 1306 visitationis
2578 1239 2818 1328 gratia,
2881 1240 3181 1306 sentiens
3242 1239 3614 1304 adventum
3675 1239 3843 1305 dicti
3902 1240 4327 1305 marchionis
4383 1240 4708 1308 Montisfe-

1019 1349 1171 1429 rati,
1203 1347 1446 1414 relicto
1491 1357 1688 1433 patre
1736 1346 2141 1424 infirmante,
2186 1365 2507 1412 reversus
2552 1358 2655 1412 est
2701 1347 2792 1413 ad
2830 1346 3160 1412 Sanctum
3196 1346 3621 1426 Secundum,
3653 1358 3729 1412 ut
3759 1347 3991 1426 locum
4022 1347 4253 1433 ipsum
4284 1359 4561 1413 tueatur.
4640 1350 4711 1414 Et

1024 1454 1394 1521 inmediate
1443 1473 1598 1518 cum
1644 1451 1953 1518 hostibus
1998 1452 2348 1541 pugnavit,
2397 1453 2647 1518 multos
2695 1473 2780 1517 ex
2827 1453 2925 1517 eis
2973 1453 3158 1538 cepit
3211 1464 3280 1518 et
3341 1453 3622 1532 occidit,
3672 1453 3836 1519 dum
3900 1464 4126 1518 castra
4188 1453 4461 1520 firmare
4515 1455 4712 1520 velent

1025 1563 1117 1629 ad
1164 1563 1543 1648 Grugnum,
1590 1571 1874 1646 propter
1919 1560 2110 1647 quod
2159 1572 2381 1625 castra
2427 1561 2578 1646 ipsa
2623 1560 2923 1625 ducallia
2967 1579 3042 1626 se
3087 1572 3465 1646 posuerunt
3511 1581 3749 1625 versus
3795 1560 4512 1626 Rochamblancham.

1199 1668 1332 1734 Die
1378 1666 1709 1754 vigesimo
1754 1666 1976 1752 primo
2023 1666 2291 1754 augusti
2337 1666 2500 1731 dum
2549 1666 2891 1731 exercitus
2939 1666 3125 1753 regis
3171 1666 3599 1733 Ferdinandi
3645 1678 3828 1732 esset
3873 1666 3943 1730 in
3977 1686 4146 1753 agro
4180 1666 4523 1746 Romano,
4553 1668 4712 1732 cuius
4751 1671 4783 1733 1⁴

1027 1787 1233 1862 caput
1279 1786 1426 1841 erat
1470 1772 1610 1838 dux
1654 1771 2000 1839 Callabrie
2046 1773 2541 1859 primogenitus
2587 1772 2757 1839 dicti
2806 1772 2989 1860 regis
3038 1784 3107 1837 et
3152 1772 3222 1836 in
3271 1792 3357 1838 eo
3404 1784 3633 1837 essent
3679 1772 3920 1838 infiniti
3965 1770 4270 1838 barones
4315 1785 4386 1839 et
4427 1793 4712 1858 proceres

1030 1896 1100 1950 et
1143 1902 1426 1970 gueram
1486 1899 1751 1946 summo
1795 1879 2105 1965 pontifici
2150 1880 2439 1958 faceret,
2489 1878 2651 1966 quia
2696 1899 2852 1944 com
2900 1877 3190 1944 Venetis
3254 1878 3766 1966 colligationem
3827 1878 4150 1958 habebat,
4199 1899 4338 1945 nec
4384 1879 4508 1945 sibi
4559 1893 4709 1945 tran·

1031 1989 1233 2056 situm
1278 1988 1445 2054 dare
1492 1985 1789 2065 volebat,
1836 1984 2193 2051 insultatus
2237 1985 2371 2051 fuit
2403 1986 2744 2051 exercitus
2775 1985 2923 2072 ipse
2955 2004 3178 2072 prope
3211 1985 3614 2071 Neptunum
3647 2006 3688 2050 a
3720 1986 4088 2073 magnifico
4120 1985 4410 2051 domino
4439 1985 4710 2052 Roberto

1025 2096 1116 2161 de
1161 2093 1474 2159 Arimino
1522 2093 1948 2160 Venetorum
1998 2091 2361 2177 capitaneo
2408 2091 2573 2157 illuc
2617 2092 2844 2177 pridie
2893 2092 3098 2157 misso
3148 2104 3219 2158 et
3264 2114 3305 2156 a
3352 2091 3604 2157 comite
3664 2091 4020 2178 Jeronimo
4076 2092 4435 2178 pontificis
4476 2107 4710 2177 nepote,

1021 2222 1106 2268 ac
1154 2201 1430 2267 demum
1474 2210 1713 2284 ruptus
1759 2209 1829 2263 et
1871 2198 2271 2285 profligatus
2317 2197 2476 2275 suit3
2527 2210 2597 2263 et
2643 2199 2828 2283 capti
2873 2211 3030 2263 sunt
3076 2218 3158 2263 ac
3208 2198 3399 2263 ducti
3460 2198 3531 2262 in
3590 2198 3822 2263 Roma
3881 2196 4183 2264 barones
4228 2197 4487 2285 viginti,
4543 2199 4709 2262 armi-
4749 2199 4783 2263 15

1026 2307 1176 2396 geri
1221 2306 1822 2394 quinquecentum,
1871 2304 2241 2370 duodecim
2291 2306 2774 2384 conductores,
2823 2305 2953 2371 tria
2997 2303 3250 2371 vexilla
3295 2316 3365 2369 et
3409 2304 3680 2391 pedites
3725 2304 3988 2383 infiniti,
4037 2325 4122 2370 ac
4173 2305 4455 2393 cariagij
4504 2305 4708 2369 onusti.

1028 2418 1350 2501 Dumque
1397 2413 1468 2476 in
1513 2412 1746 2477 Roma
1775 2411 2160 2490 intrassent,
2207 2410 2462 2476 vexilla
2505 2431 2631 2497 per
2681 2411 3026 2477 civitatem
3075 2411 3145 2474 in
3190 2422 3442 2476 terram
3493 2410 3959 2477 trahebantur.
4049 2411 4144 2477 Et
4193 2410 4365 2477 dicti
4408 2412 4707 2486 ductores,

1026 2521 1322 2588 barones
1368 2531 1439 2584 et
1484 2518 1802 2607 armigeri
1847 2517 2144 2583 seriatim
2192 2517 2623 2584 ducebantur
2671 2538 2827 2583 com
2873 2517 3137 2583 infinito
3182 2517 3410 2583 sonitu
3456 2517 3793 2596 tubarum,
3841 2516 4392 2584 tamborinorum
4437 2530 4505 2583 et
4561 2537 4711 2582 cam-

1027 2649 1381 2716 panarum.
1472 2623 1859 2712 Ferturque
1904 2624 2197 2710 prelium
2244 2626 2528 2690 durasse
2576 2625 2762 2690 horis
2807 2623 3101 2709 septem'
3151 2624 3492 2690 continuis
3540 2644 3695 2689 com
3739 2624 3981 2688 maiori
4026 2623 4384 2712 sanguinis
4413 2624 4709 2689 effusione

1026 2749 1095 2803 et
1141 2733 1491 2801 hominum
1540 2732 1715 2797 cede
1749 2752 1791 2795 a
1817 2731 2188 2796 recordatu
2217 2731 2514 2797 hominis
2562 2731 2733 2796 citra
2778 2730 3105 2797 inaudita.
3198 2730 3685 2817 Cohactusque
3720 2741 3825 2794 est
3869 2729 4009 2795 dux
4055 2729 4417 2796 Callabrie
4462 2729 4706 2806 latitare,
4740 2728 4783 2791 2(

1026 2862 1160 2909 nec
1204 2837 1677 2926 reperiebatur
1722 2858 1848 2924 per
1895 2837 2162 2924 aliquos
2207 2838 2376 2916 dies,
2425 2836 3014 2924 extimabatur-que
3049 2836 3511 2904 obtruncatus·
3604 2836 3916 2903 Victoria
3961 2835 4094 2903 fuit
4141 2835 4438 2901 maxima
4466 2848 4531 2901 et
4555 2836 4707 2900 idem

1034 2949 1350 3020 dominus
1394 2944 1747 3012 Robertus
1794 2942 1884 3010 ob
1931 2944 2069 3010 hoc
2114 2942 2405 3031 gloriam
2455 2956 2524 3009 et
2569 2944 2987 3030 triumphum
3030 2944 3426 3029 reportavit.

1207 3052 1565 3140 Vigesimo
1612 3062 1853 3137 quarto
1903 3050 2170 3138 augusti
2215 3051 2621 3138 magnificus
2666 3050 2983 3116 dominus
3031 3069 3266 3116 comes
3308 3048 3680 3116 Amoratus
3723 3050 4068 3129 Torellus,
4117 3050 4237 3137 qui
4289 3050 4511 3116 locum
4539 3061 4599 3113 et
4625 3048 4705 3112 vi-

1037 3183 1154 3227 ces
1198 3157 1484 3248 gerebat
1528 3157 1787 3223 domini
1834 3156 2172 3223 Guidonis
2218 3157 2307 3223 de
2354 3155 2643 3235 Rubeis‚
2678 3157 2972 3223 accessit
3002 3176 3158 3222 com
3192 3156 3376 3222 omni
3409 3156 3716 3222 exercitu
3749 3158 3839 3223 ad
3871 3156 4132 3224 Sallam
4167 3155 4451 3223 comi'tis
4481 3153 4703 3221 Giberti

1028 3270 1118 3335 de
1168 3267 1426 3335 Sancto
1472 3263 1710 3331 Vitalli
1756 3275 1826 3329 et
1872 3282 2029 3327 cum
2070 3264 2214 3352 jam
2259 3262 2519 3329 bellum
2569 3263 2731 3328 hinc
2779 3264 2942 3330 inde
2990 3264 3341 3349 inceptum
3388 3264 3650 3343 fuisset,
3694 3264 3977 3352 jamque
4010 3264 4289 3349 pedites
4321 3274 4389 3329 et
4420 3261 4699 3348 armigeri
4733 3258 4783 3322 25

1032 3396 1188 3441 cum
1233 3371 1461 3439 scallis
1506 3370 1732 3435 menia
1776 3370 2287 3448 asscenderent‚
2335 3370 2522 3436 idem
2570 3390 2803 3436 comes
2847 3368 3219 3437 Amoratus
3287 3369 3645 3436 victoriam
3706 3389 3992 3456 sperans
4045 3382 4115 3435 et
4160 3369 4593 3455 stipendiatos
4629 3368 4699 3431 ad

1028 3482 1247 3569 ipsam
1292 3477 1648 3546 victoriam
1692 3476 1974 3542 viriliter
2021 3489 2361 3556 exortans,
2408 3476 2803 3543 vulneratus
2848 3477 2981 3545 fuit
3041 3478 3112 3542 in
3159 3495 3454 3563 corpore
3506 3475 3593 3543 ab
3640 3497 3778 3542 una
3821 3475 4220 3564 spingarda‚
4271 3496 4358 3542 ex
4402 3495 4530 3564 quo
4571 3493 4701 3560 pre-

1038 3589 1200 3654 lium
1249 3585 1569 3662 cessavit;
1620 3596 1688 3650 et
1731 3594 2038 3669 portatus
2084 3584 2175 3649 ad
2220 3583 2454 3650 villam
2501 3585 2752 3663 Fillini,
2798 3598 3045 3673 sequta
3089 3584 3404 3671 proxima
3452 3584 3565 3650 die
3614 3596 3685 3650 et
3732 3603 3818 3649 ea
3862 3585 4055 3664 hora,
4103 3606 4244 3671 qua
4275 3583 4511 3650 vulnus
4536 3602 4699 3646 rece-

1025 3706 1244 3782 perat,
1289 3691 1605 3780 migravit
1649 3691 1739 3757 ad
1782 3690 2174 3770 Dominum,
2222 3711 2346 3758 suo
2398 3692 2679 3758 condito
2728 3703 3156 3770 testamento,
3207 3702 3275 3757 et
3319 3690 3606 3776 sumptis
3664 3691 3878 3756 sacris
3938 3690 4026 3757 ab
4090 3690 4394 3757 ecclesia
4453 3688 4702 3753 catolica

1025 3799 1371 3868 ordinatis.
1466 3795 1629 3874 Qua
1673 3816 1759 3862 ex
1806 3816 2014 3862 causa
2057 3797 2463 3885 magnificus
2509 3796 2824 3863 dominus
2869 3797 3329 3864 Petrusmaria
3374 3795 3665 3863 Rubeus
3709 3797 4035 3878 infirmus»,
4084 3797 4330 3863 dolore
4361 3814 4698 3880 percussus
4733 3793 4783 3854 34]

1035 3907 1222 3995 cepit
1264 3906 1337 3971 in
1382 3905 1699 3971 extremis
1747 3903 2081 3971 laborare.

1201 4012 1359 4078 Hoc
1402 4023 1713 4096 tempore
1759 4008 2035 4075 illustris
2081 4010 2398 4077 dominus
2441 4010 2796 4077 Robertus
2843 4012 2932 4077 de
2982 4010 3239 4078 Sancto
3287 4010 3620 4078 Severino
3670 4023 3740 4076 et
3784 4032 3961 4076 unus
4008 4032 4096 4076 ex
4141 4010 4378 4098 primis
4420 4009 4562 4098 filijs
4589 4007 4699 4071 suis

1020 4120 1092 4184 in
1140 4118 1376 4186 castris
1421 4129 1662 4184 contra
1708 4116 2057 4183 Ferariam
2102 4137 2177 4184 se
2222 4117 2737 4184 infirmaverunt
2782 4130 2852 4184 et
2894 4119 3147 4206 portati
3192 4131 3349 4185 sunt
3411 4117 3673 4199 Padoe‚
3736 4130 3813 4184 ut
3873 4130 4277 4183 curarentur
4338 4129 4406 4182 et
4459 4113 4699 4202 pristine

1026 4225 1226 4292 saluti
1255 4224 1713 4290 restituantur.

1202 4331 1427 4397 Etiam
1487 4330 1624 4396 hoc
1685 4343 1996 4417 tempore
2058 4331 2222 4396 dum
2284 4332 2355 4396 in
2419 4331 2693 4398 civitate
2752 4332 3140 4398 Mediolani
3187 4346 3325 4399 tam
3382 4334 3557 4399 inter
3619 4345 3942 4422 regentes
4002 4344 4275 4412 statum,
4324 4351 4518 4419 quam
4556 4328 4700 4392 inter
4730 4317 4783 4386 35

1032 4439 1219 4505 cives
1267 4438 1448 4503 foret
1494 4437 1788 4502 maxima
1833 4437 2175 4504 discensio
2225 4436 2315 4504 ob
2362 4451 2720 4524 presentes
2766 4438 3078 4526 vigentes
3123 4459 3407 4527 guerras
3454 4440 3524 4504 in
3570 4439 3928 4505 Parmensi
3973 4452 4043 4505 et
4101 4436 4484 4506 Ferariensi
4525 4448 4585 4499 et
4633 4430 4695 4495 ti-

1036 4556 1303 4611 merent
1346 4543 1925 4623 Mediolanenses,
1973 4565 2062 4609 ne
2106 4565 2235 4610 rex
2281 4545 2579 4611 Francie
2629 4545 2918 4627 Venetis
2966 4546 3425 4625 auxiliaretur,
3484 4545 3575 4613 ob
3618 4548 4074 4613 remotionem
4134 4546 4411 4614 domine
4468 4540 4696 4608 ducisse

1025 4649 1428 4729 Mediolani,
1479 4661 1772 4736 cognate
1820 4649 1987 4715 dicti
2030 4651 2235 4737 regis,
2284 4672 2420 4738 que
2464 4652 2608 4740 jam
2656 4651 2882 4718 multis
2927 4653 3123 4718 annis
3167 4665 3450 4720 steterat
3480 4653 3551 4718 in
3579 4651 3852 4732 Abiate,
3886 4654 4133 4719 eadem
4165 4652 4440 4719 domina
4467 4645 4696 4714 ducissa

1026 4756 1315 4824 reducta
1360 4756 1491 4821 fuit
1532 4755 1914 4822 Mediolani
1946 4755 2091 4822 sine
2121 4756 2264 4824 ullo
2311 4757 2644 4845 regimine
2693 4770 2762 4823 et
2807 4759 3117 4847 regimen
3161 4760 3486 4826 remansit
3535 4759 3814 4827 domino
3859 4758 4224 4827 Ludovico
4273 4756 4549 4826 Ssorcie.

1201 4864 1358 4929 Hoc
1404 4862 1608 4929 etiam
1655 4875 1966 4949 tempore
2013 4864 2626 4930 reverendissimus
2673 4866 2993 4931 dominus
3026 4866 3397 4955 Sagramor
3428 4865 3921 4932 Arriminensis
3952 4867 4320 4953 episcopus
4345 4864 4574 4931 Parme
4599 4857 4697 4921 de·
4730 4850 4783 4913 4ss

1030 4970 1231 5036 cessit
1276 4969 1556 5036 Ferarie
1605 4981 1675 5035 et
1720 4969 2019 5034 cadaver
2062 4990 2259 5034 suum
2305 4970 2608 5037 delatum
2658 4971 2788 5037 fuit
2832 4971 3084 5037 Parme
3131 4986 3199 5039 et
3243 4973 3588 5060 sepultum
3634 4974 3705 5037 in
3753 4971 4160 5038 chatedralli
4208 4969 4509 5037 ecclesia.

1221 5074 1564 5163 Apparuit
1609 5075 1715 5139 his
1760 5074 2181 5161 temporibus
2226 5097 2366 5141 una
2411 5089 2619 5143 nocte
2666 5077 2910 5164 ingens
2953 5079 3152 5144 stella
3193 5079 3267 5144 in
3312 5079 3498 5146 aiere
3543 5100 3781 5146 versus
3825 5092 4094 5146 montes
4139 5077 4526 5144 Pas-menses
4567 5087 4690 5134 com

1024 5182 1320 5249 maxima
1367 5183 1591 5249 cauda
1635 5181 1862 5269 ignea,
1910 5200 2047 5269 que
2092 5180 2605 5268 prenosticabat
2651 5196 2941 5250 mortem
2988 5185 3260 5252 illustris
3293 5187 3555 5253 domini
3584 5185 3986 5253 Petrimarie
4016 5184 4253 5252 Rubei
4296 5184 4382 5250 de
4423 5175 4687 5267 proximo

1030 5290 1350 5355 futuram.
3516 5358 3532 5373 ‚

1200 5395 1433 5462 Prim0
1479 5394 1888 5482 septembris
1936 5396 2105 5462 dicti
2155 5396 2317 5461 anni
2370 5397 2538 5462 1482
2588 5398 2762 5464 hora
2807 5399 3009 5465 tertia
3054 5400 3278 5466 noctis
3326 5400 3601 5466 illustris
3647 5412 3716 5465 et
3762 5399 4076 5465 excelsus
4121 5399 4427 5467 dominus
4453 5393 4685 5459 Petrus-
4722 5375 4778 5443 45

1030 5502 1242 5567 maria
1287 5503 1377 5568 de
1423 5501 1711 5580 Rubeis‚
1760 5514 2082 5590 egrotans
2128 5502 2200 5566 in
2244 5502 2654 5583 Tureclara,
2703 5504 2987 5590 sumptis
3031 5503 3280 5571 debitis
3327 5504 3701 5585 ordinibus,
3748 5506 3902 5572 Deo
3948 5505 4181 5584 dante,
4213 5504 4486 5569 animam
4526 5512 4682 5561 suam

1025 5609 1463 5675 devotissime
1510 5609 1663 5674 Deo
1713 5608 1925 5688 dedit,
1976 5609 2169 5674 cuius
2215 5609 2441 5675 anima
2490 5611 2801 5698 quiescat
2845 5612 2917 5675 in
2961 5632 3161 5697 pace,
3212 5612 3493 5699 eiusque
3541 5613 3841 5679 cadaver
3888 5611 4230 5698 sepultum
4276 5610 4400 5675 fuit
4452 5606 4514 5670 in
4553 5616 4684 5665 arce

1024 5714 1419 5781 Turisclare
1466 5715 1537 5779 in
1586 5715 1854 5801 capella
1901 5714 2138 5782 Sancti
2184 5715 2609 5784 Nicomedis.
2700 5719 2868 5783 Erat
2933 5717 3114 5783 enim
3174 5718 3739 5807 septuagenarius
3800 5731 3870 5784 et
3931 5718 4161 5784 adhuc
4220 5709 4677 5783 robustissimus,

1030 5840 1242 5909 sagax
1290 5832 1358 5886 et
1402 5821 1724 5907 prudens.

1094 6004 1097 6007 ,
1198 5926 1373 6028 Cum
1422 5927 1829 5993 decessisset
1871 5929 2227 6015 prefactus
2276 5931 2591 5998 dominus
2651 5930 3133 6010 Petrusmaria,
3198 5930 3386 5997 illico
3451 5931 3866 5998 Beltrandus
3912 5932 4115 5999 fillius
4159 5953 4315 5997 suus
4357 5916 4672 5992 naturallis‚
4710 5908 4770 5971 5⁰
