4895 7066
319 498 437 573 [Α.
474 505 652 560 14⁷9
690 500 971 574 gennis]
1500 488 1609 565 IN
1666 484 2193 565 PARTIBUS
2247 486 2889 565 LOMBARDIE
3687 492 3692 499 '
3955 486 4054 567 3?

334 757 661 844 partibus
704 757 1394 825 Pontremulensibus
1437 756 1587 823 sine
1630 756 2019 824 soluctione
2063 755 2356 823 alicuius
2400 766 2646 837 tracte,
2677 768 2754 824 ut
2783 766 3047 844 gentes,
3096 778 3230 845 que
3262 756 3430 824 illuc
3473 755 3669 823 ibant
3713 774 3844 845 pro
3888 766 4069 821 statu

296 864 301 867 ’
334 862 739 931 Mediolani
785 876 855 931 et
894 883 1027 951 pro
1072 884 1330 954 guerra
1374 874 1591 931 motta
1631 883 1765 949 per
1806 860 2161 930 dominum
2203 860 2594 931 Robertum
2643 882 2730 929 ex
2774 861 3034 930 Sancto
3082 862 3439 941 Severino,
3485 862 3722 930 vivere
3753 872 4053 949 possent.

337 969 532 1036 Nam
592 968 807 1037 etiam
860 966 968 1035 illi
1027 970 1469 1039 marchiones
1524 968 1892 1037 Lunesane
1946 968 2326 1036 deviabant
2387 990 2431 1036 a
2489 969 2625 1036 fide
2684 968 2855 1036 dicti
2914 979 3150 1048 status,
3209 968 3742 1057 intelligentiam
3804 966 4070 1036 haben-

337 1088 456 1143 tes
502 1096 665 1144 com
711 1077 905 1144 dicto
952 1074 1239 1144 domino
1281 1074 1599 1145 Roberto
1644 1086 1716 1144 et
1761 1072 2045 1143 domino
2091 1074 2391 1144 Obiecto
2437 1075 2529 1143 de
2571 1073 2806 1142 Flisco
2854 1086 2926 1142 et
2967 1086 3341 1163 propterea
3399 1075 3537 1142 huc
3597 1072 4074 1143 concurebant

239 1177 283 1243 5
338 1178 568 1246 multe
610 1191 864 1270 gentes
908 1179 1000 1246 ad
1046 1178 1549 1246 defensionem.

530 1280 809 1349 Eadem
849 1282 987 1347 hac
1031 1280 1151 1348 die
1196 1280 1421 1368 prima
1461 1280 1760 1371 ianuarii
1818 1279 1985 1352 1479
2030 1279 2433 1368 spectabilis
2478 1278 2671 1348 miles
2715 1292 2789 1348 et
2829 1280 3084 1349 doctor
3127 1280 3447 1349 dominus
3498 1279 3852 1369 johannes
3903 1276 4073 1346 Cai-

333 1386 690 1454 zavadra'
734 1387 1153 1468 Parmensis,
1200 1388 1320 1474 qui
1358 1389 1583 1455 iverat
1644 1406 1828 1456 anno
1888 1387 2207 1474 proxime
2244 1404 2455 1454 cin-so
2498 1406 2630 1473 pro
2689 1398 3032 1474 potestate
3077 1398 3149 1455 et
3189 1386 3664 1455 commissario
3722 1386 3946 1476 Janue
3997 1394 4074 1451 et
4221 1405 4377 1457 uun..
4407 1404 4491 1447 m

336 1494 445 1561 ob
488 1495 843 1562 novitates
886 1494 984 1561 ibi
1029 1507 1218 1562 ortas
1260 1515 1334 1562 se
1382 1495 1763 1563 reduxerat
1806 1494 1878 1560 ia
1922 1494 2324 1574 castelleto,
2371 1514 2504 1561 nec
2547 1504 2877 1581 potuerat
2921 1493 3223 1563 officium
3267 1494 3488 1574 finire,
3534 1494 3907 1580 deputatus
3949 1510 4080 1578 pro

337 1602 837 1669 safisfactione
882 1623 1007 1669 sua
1050 1602 1336 1669 intravit
1377 1620 1507 1689 pro
1548 1600 2028 1670 commissario
2075 1612 2144 1669 et
2186 1611 2531 1688 potestate
2576 1600 2875 1669 civitatis
2917 1600 3140 1689 Papie
3190 1620 3319 1688 pro
3379 1618 3519 1668 uno
3577 1616 3762 1667 anno
3822 1610 3896 1667 et
3947 1599 4077 1665 ho-

190 1709 284 1774 lo
338 1708 673 1776 notifice.

532 1812 712 1892 Qua
755 1815 1042 1903 quidem
1086 1815 1295 1884 etiam
1343 1815 1462 1883 die
1506 1815 1790 1883 intravit
1833 1834 1966 1903 pro
2009 1824 2353 1904 potestate
2404 1814 2656 1882 Parme
2715 1813 3116 1902 spectabilis
3174 1814 3372 1881 miles
3427 1825 3502 1883 et
3557 1815 3814 1884 doctor
3849 1810 4078 1880 domi-

340 1940 485 1989 nus
527 1923 898 2011 johannes
941 1920 1369 2012 Augusfinns
1413 1923 1503 1989 de
1547 1920 2014 1991 Hisimbardis
2058 1923 2151 1991 de
2196 1922 2417 2009 Papia
2473 1941 2636 1989 com
2695 1921 2999 1989 maximo
3060 1923 3328 1989 honore
3392 1930 3464 1989 et
3508 1941 3637 2008 pro
3679 1941 3822 1987 uno
3869 1936 4074 1987 anno.

338 2029 806 2202 ξτιέἰοῗιὶτ.
827 2029 919 2097 ab
958 2030 1118 2117 ipso
1164 2029 1390 2098 officio
1457 2027 1789 2098 Albertus
1850 2048 2087 2098 comes
2155 2028 2243 2097 de
2314 2022 2633 2097 Bononia
2700 2040 2770 2097 et
2835 2027 2968 2097 ivit
3029 2048 3162 2116 pro
3225 2038 3570 2117 potestate
3634 2028 3728 2095 ad
3770 2028 4077 2116 Burgum

702 2156 832 2203 an.

186 2240 280 2307 15
539 2242 627 2307 in
672 2243 1020 2330 principio
1064 2243 1241 2312 dicti
1283 2243 1537 2311 mensis
1578 2242 1875 2335 januarii
1909 2242 2072 2311 anni
2110 2240 2280 2314 1479
2310 2262 2386 2311 se
2416 2242 2855 2331 reperierunt
2883 2243 2958 2309 in
2990 2241 3276 2311 civitate
3306 2240 3693 2311 Mediolani
3721 2250 3889 2310 octo
3919 2260 4079 2309 ora-

0 3143 53 3819 n·.÷··*=*=⁸‘*‘

0 4023 81 4970 „effusi-rates&

0 5061 43 5215 ests

340 2361 551 2416 tores
592 2350 784 2438 regis
824 2350 1128 2419 Francie
1175 2350 1518 2419 notabiles
1576 2349 1711 2417 viri
1770 2371 1935 2418 cum
1980 2350 2179 2439 equis
2222 2350 2569 2431 ducentis,
2630 2370 2923 2438 quorum
2985 2349 3128 2417 duo
3183 2349 3334 2418 illic
3395 2360 3894 2427 remanserunt,
3956 2347 4073 2437 alij

344 2476 483 2522 sex
528 2455 1001 2523 transiverunt
1042 2478 1177 2543 per
1218 2454 1558 2537 Parmam,
1603 2456 1744 2524 duo
1788 2477 1876 2523 ex
1918 2455 2171 2545 quibus
2214 2456 2672 2525 remanebant
2712 2456 3088 2535 Florentia
3132 2457 3275 2523 duo
3331 2456 3528 2524 ibant
3588 2467 3660 2523 et
3717 2472 4080 2543 permane·-

346 2562 534 2629 bant
578 2562 834 2643 Rome,
882 2563 994 2652 alii
1044 2584 1214 2631 vero
1254 2564 1397 2630 duo
1444 2563 1809 2655 Neapolli3
1858 2574 1931 2631 et
1971 2564 2111 2632 hoc
2142 2574 2220 2630 ut
2248 2573 2634 2631 tractarent
2661 2582 2911 2650 pacem
2941 2582 3100 2629 cum
3131 2582 3397 2631 summo
3425 2561 3777 2650 pontefice
3808 2572 3881 2629 et
3909 2578 4078 2650 rege

348 2668 825 2737 Ferdinando
871 2682 944 2737 et
988 2670 1176 2737 inter
1218 2669 1677 2739 Florentinos.
1916 2662 1921 2666 ⁴

179 2777 320 2841 20.
547 2774 819 2843 Eodem
861 2794 1044 2843 anno
1098 2774 1265 2847 1479
1308 2776 1427 2844 die
1471 2775 1769 2864 septimo
1810 2774 2105 2868 januarii
2154 2777 2418 2844 factum
2465 2775 2602 2845 fuit
2641 2775 3015 2844 consilium
3075 2776 3408 2867 generale
3467 2775 3720 2843 Parme
3765 2772 3857 2841 de
3913 2790 4081 2841 cen·

351 2894 515 2950 tum
564 2884 903 2970 personis,
946 2882 1221 2951 scilicet
1259 2882 1354 2950 de
1397 2904 1557 2949 xxv.
1605 2904 1737 2969 pro
1780 2884 2053 2972 singula
2098 2885 2420 2973 squadra⁹
2471 2882 2874 2951 duraturum
2918 2902 3058 2949 nno
3103 2902 3310 2963 anno,
3343 2902 3503 2949 nam
3546 2882 3742 2970 prius
3787 2879 4083 2949 durabat

352 2991 507 3079 xvj.
558 2988 907 3057 mensibus
951 3001 1024 3056 et
1068 2988 1323 3057 fiebant
1368 2989 1441 3055 in
1486 3008 1574 3057 eo
1632 2988 2004 3080 consiliarii
2070 2989 2162 3055 ad
2224 2989 2737 3076 beneplacitum
2785 2989 3216 3056 antianorum
3276 2989 3517 3057 ultime
3575 2999 3785 3057 mute.
3875 2987 4083 3055 Nunc

358 3094 571 3164 vero'
614 3096 697 3163 fit
736 3095 1015 3186 singulo
1058 3114 1244 3164 anno
1288 3095 1683 3162 Mefflolani
1746 3108 1817 3163 et
1876 3096 2171 3163 mittitur
2228 3094 2572 3163 Parmam.
2667 3096 2760 3163 Et
2819 3097 2954 3164 hoc
3014 3115 3144 3183 pro
3185 3096 3519 3164 sedandis
3576 3094 3808 3164 multis
3865 3094 4079 3163 diffe-
4230 3123 4277 3161 c.
4308 3118 4418 3160 ,ην

359 3203 624 3292 rentijs
687 3216 760 3269 et
809 3202 1002 3283 rima,
1062 3220 1202 3290 que
1256 3200 1660 3270 oriebantur
1718 3202 1899 3270 inter
1965 3201 2345 3292 quamlibet
2408 3204 2808 3291 squadram.
2900 3203 2993 3269 Et
3052 3201 3327 3269 duravit
3385 3201 3619 3270 multis
3679 3201 3881 3269 annis
3940 3200 4078 3267 hec

205 3309 305 3376 25
324 3298 337 3303 ⁵
358 3309 796 3396 corruptela,
838 3309 1034 3397 qnod
1076 3308 1277 3375 muiti
1324 3308 1551 3397 singlo
1596 3328 1781 3377 anno
1825 3308 2300 3377 efficiebantur
2344 3309 2434 3377 de
2483 3309 2793 3378 consilio.
2886 3308 2978 3375 Et
3021 3310 3114 3376 ad
3168 3309 3572 3377 faciendum
3633 3309 3768 3376 hoc
3825 3328 4084 3376 novum

364 3416 745 3483 consilinm
791 3434 867 3483 se
912 3415 1478 3502 interposuerunt
1508 3415 1827 3482 dominus
1854 3415 2226 3504 episcopus
2253 3413 2527 3494 Parme,
2561 3415 2882 3483 dominus
2910 3415 3263 3503 johannes
3293 3434 3532 3483 comes
3563 3426 3634 3483 et
3662 3414 4109 3505 gubernator.

556 3520 832 3590 Eodem
878 3542 1065 3590 anno
1119 3520 1286 3593 1479
1335 3520 1451 3589 die
1495 3520 1660 3614 xiiij.
1705 3520 2002 3614 januari-j
2050 3523 2371 3591 dominus
2414 3521 2773 3591 Robertus
2815 3522 2911 3590 de
2951 3520 3222 3592 -Sancto
3267 3522 3630 3604 Severino,
3664 3523 3785 3613 qui
3817 3532 3968 3590 erat
4013 3520 4087 3586 in

362 3628 689 3718 partibus
729 3628 1101 3697 Lnnesane
1146 3628 1323 3696 citra
1364 3627 1622 3695 flumen
1668 3627 1916 3697 Macte
1964 3651 2123 3697 cnm
2168 3629 2398 3698 multis
2442 3629 2819 3724 peditibus,
2851 3629 3095 3696 volens
3153 3647 3442 3718 gustam
3504 3649 3786 3697 movere
3833 3639 4078 3696 contra

363 3735 824 3804 Florentinos
860 3735 941 3802 'in
970 3734 1287 3822 partibus
1330 3735 1636 3804 Sarzane
1679 3736 1772 3801 ad
1815 3735 2225 3823 petitionem
2272 3735 2538 3803 domini
2581 3735 2931 3804 Ludovici
2976 3736 3066 3803 de
3109 3736 3714 3827 Campofrugosio,
3763 3737 3881 3826 qui
3923 3736 4092 3804 Sar-

232 3847 323 3912 30
373 3865 629 3911 sanam
676 3842 1093 3910 vendiderat
1118 3840 1543 3910 Florentinis
1570 3853 1645 3909 et
1675 3861 1831 3910 eam
1875 3842 2091 3932 gratis
2135 3842 2482 3911 redimere
2514 3842 2816 3923 volebat,
2847 3845 3041 3910 facto
3073 3843 3366 3911 transitu
3398 3843 3576 3912 dicti
3603 3844 3904 3910 fluminis
3933 3865 4092 3911 com

368 3973 517 4024 uno
562 3961 781 4037 ponte
825 3948 1161 4037 bagarum
1206 3948 1618 4028 inflatarum,
1664 3968 1875 4035 super
1920 3948 2172 4038 quibus
2216 3949 2601 4018 transibant
2644 3948 2943 4035 pedites,
2975 3950 3154 4018 fecit
3196 3972 3405 4017 unam
3454 3949 3797 4018 cureriam
3837 3970 3929 4017 ex
3957 3951 4084 4016 im-

366 4057 661 4146 proviso
704 4057 799 4122 ad
842 4054 1104 4122 dictam
1147 4065 1405 4122 terram
1452 4054 1778 4134 Sarzane,
1823 4054 2157 4122 munitam
2201 4055 2435 4123 multis
2479 4054 2830 4143 peditibus
2875 4068 2948 4123 et
2989 4055 3209 4143 equis,
3254 4056 3376 4143 qui
3421 4053 3787 4125 efiverunt
3837 4069 4095 4123 terram

371 4177 445 4232 et
488 4162 867 4231 commisso
911 4161 1141 4248 prelio
1187 4159 1279 4227 ad
1321 4161 1643 4242 invicem,
1690 4161 1887 4228 multi
1932 4172 2075 4228 tam
2135 4174 2515 4252 equestres,
2575 4183 2787 4252 qnam
2831 4162 3193 4249 pedestres
3239 4163 3410 4230 dicti
3470 4163 3739 4231 domini
3798 4162 4097 4231 Roberti

373 4271 600 4338 occisi
646 4279 717 4336 et
761 4267 1117 4335 vulnerati
1163 4279 1344 4347 sunt,
1390 4287 1476 4334 ac
1522 4268 1672 4335 dati
1717 4269 1786 4334 in
1852 4269 2093 4362 fugam
2136 4279 2212 4336 et
2257 4269 2456 4357 peius
2515 4268 2928 4337 habuerunt.
3015 4269 3283 4356 Captus
3345 4270 3479 4336 fuit
3536 4270 3609 4335 in
3671 4270 3807 4336 hoc
3870 4270 4098 4356 prelio

246 4376 327 4445 35
372 4377 637 4446 nobilis
680 4374 880 4441 miles
924 4393 1270 4440 armornm
1317 4376 1567 4443 ductor
1596 4395 1725 4461 pro
1755 4374 2179 4443 Florentinis
2226 4375 2545 4443 dominus
2571 4374 2921 4443 Antonius
2961 4373 3340 4444 Caldorius
3382 4387 3453 4443 et
3497 4377 3751 4444 ductus
3791 4376 3867 4441 in
3912 4388 4099 4444 terra

376 4483 670 4572 Spedie,
702 4484 824 4570 qui
868 4480 1051 4548 bene
1097 4482 1282 4548 visus
1326 4483 1482 4562 fnit,
1526 4499 1613 4548 ac
1661 4484 2099 4550 condonatus
2143 4504 2186 4550 a
2228 4483 2515 4552 domino
2560 4481 2904 4563 Robert0,
2950 4482 3284 4550 liberatus
3329 4494 3401 4550 et
3446 4484 3832 4570 relapsatus
3881 4482 4100 4572 nedijt

378 4592 782 4660 Sarzanam.
872 4589 967 4656 Et
1008 4588 1131 4677 qui
1177 4588 1495 4656 dominus
1539 4588 1895 4657 Robertus
1939 4589 2114 4657 nihii
2158 4611 2293 4678 pro
2333 4593 2471 4658 hac
2515 4591 2671 4659 vice
2718 4590 3021 4659 lucratus
3066 4591 3222 4670 fuit,
3263 4591 3396 4658 sed
3440 4591 3775 4659 ammissit
3835 4592 4105 4680 aliquos

378 4700 611 4766 bonos
659 4696 1036 4786 armigeros
1081 4707 1153 4763 et
1196 4696 1471 4783 pedites
1514 4696 1592 4762 in
1635 4715 1874 4787 pugna
1918 4695 2388 4765 obtroncatos.

558 4803 721 4871 Hoc
769 4804 1021 4870 eodem
1068 4822 1250 4871 anno
1292 4815 1366 4869 et
1408 4823 1645 4873 mense
1688 4805 1984 4895 januarii
2032 4803 2439 4895 magnificus
2485 4823 2700 4894 eques
2743 4805 3069 4874 dominns
3112 4806 3468 4895 Johannes
3511 4805 3919 4874 Bentivolus
3962 4805 4099 4873 Bo-

254 4915 339 4979 40
381 4909 742 4979 noniensis
787 4919 859 4977 et
899 4909 1162 4995 primns
1205 4908 1382 4976 civis
1424 4910 1745 4978 Bononie
1790 4923 1868 4976 ut
1910 4910 2177 4979 amicus
2222 4923 2293 4978 et
2338 4911 2634 4978 attinens
2678 4911 3116 4980 dominorum
3169 4911 3434 4980 ducum
3487 4912 3896 4994 Mediolani,
3944 4933 4107 5000 pro·

380 5017 639 5108 posuit,
682 5035 770 5084 ac
814 5015 1012 5105 petiit
1054 5016 1128 5081 in
1174 5027 1415 5084 senatu
1459 5016 1901 5086 dominorum
1960 5017 2504 5086 Bononiensium
2566 5019 2846 5088 nomine
2891 5031 3112 5088 status
3155 5020 3567 5100 Mediolani,
3615 5021 3920 5109 qualiter
3978 5021 4109 5110 ipsi

384 5125 660 5195 domini
722 5125 938 5191 duces
982 5121 1430 5211 requirebant
1474 5124 1964 5214 allogiamenta
2006 5125 2079 5190 in
2124 5124 2553 5193 Bononiensi
2611 5145 2741 5213 pro
2801 5127 3002 5216 equis
3049 5126 3319 5195 duobus
3363 5125 3666 5194 millibus
3728 5141 3799 5195 et
3859 5128 4110 5194 salmas

383 5237 563 5302 duas
606 5230 801 5298 mille
844 5230 1197 5297 frumenti.
1292 5227 1508 5308 Quod
1552 5232 1985 5318 persentiens
2036 5234 2527 5301 ·locomtenens
2587 5233 2801 5324 legati
2846 5227 3142 5301 similem
3187 5234 3706 5323 requisitionem
3750 5235 3931 5302 fecit
3984 5255 4113 5323 pro

385 5357 657 5408 summo
700 5333 1052 5425 pontifice,
1096 5335 1224 5406 sed
1269 5337 1636 5405 abanditus
1678 5339 1834 5420 fuit,
1876 5335 2086 5429 eique
2132 5360 2534 5427 responsum
2581 5340 2817 5408 datum
2879 5339 3052 5421 fuit:
3100 5343 3293 5430 quod
3337 5342 3475 5409 nisi
3535 5342 3724 5409 foret
3767 5342 3860 5410 ob
3905 5361 4103 5410 reve-
4207 5404 4219 5412 .
4258 5362 4413 5416 Mun..
4440 5361 4520 5403 2⁹⁵

272 5447 345 5514 45
388 5446 689 5514 rentiam
736 5443 982 5511 summi
1025 5443 1390 5531 pontificis,
1439 5443 1664 5532 ipsum
1711 5444 2078 5514 deicerent
2107 5467 2150 5513 a
2181 5447 2505 5533 pallati0;
2541 5448 2961 5536 obtentaque
2994 5449 3128 5516 fuit
3155 5449 3466 5540 gratiose
3496 5448 3745 5536 petitio
3779 5449 3951 5517 dicti
3983 5451 4111 5517 do-

388 5555 560 5622 mini
606 5552 960 5642 Johannis
1003 5547 1352 5618 Bentivoli
1393 5571 1526 5638 pro
1569 5562 1756 5619 statu
1798 5552 2210 5621 Mediolani.

560 5662 672 5728 De
717 5679 954 5726 mense
997 5657 1320 5745 predicto
1361 5657 1660 5748 januarii
1710 5659 1882 5727 dicti
1929 5661 2092 5726 anni
2146 5657 2312 5731 1479
2359 5673 2430 5728 et
2475 5662 2546 5727 in
2592 5662 2942 5751 principio
3004 5663 3253 5730 mensis
3299 5676 3544 5750 captus
3598 5673 3669 5730 et
3716 5664 4110 5751 detemptus
4257 5694 4297 5725 e.
4325 5682 4389 5730 ,τε
4416 5694 4444 5723 r

388 5769 519 5836 fuit
561 5769 641 5834 in
685 5766 977 5834 civitate
1025 5761 1380 5831 Florentie
1426 5764 1745 5832 dominus
1786 5765 2146 5834 Tallianus
2192 5765 2281 5834 de
2328 5766 2479 5859 Pijs
2524 5766 2614 5836 de
2653 5767 2911 5856 Carpo,
2961 5769 3082 5857 qui
3115 5781 3265 5837 erat
3297 5769 3740 5858 squadrerius
3772 5768 4117 5836 Florenti-

390 5897 648 5958 norum,
697 5895 789 5943 ex
838 5892 931 5940 eo
981 5870 1173 5960 quod
1214 5871 1746 5961 intelligentiam
1790 5871 2097 5940 habebat
2141 5893 2300 5941 cum
2349 5873 2533 5942 duce
2571 5874 2935 5943 Callabrie
2993 5875 3345 5962 prodendi
3390 5888 3462 5942 et
3510 5876 3886 5943 occidendi
3932 5876 4119 5944 Lau-

290 5983 350 6050 50
387 5986 667 6055 rentium
721 5984 819 6053 de
869 5977 1188 6048 Medicis
1232 5988 1302 6045 et
1349 5979 1733 6061 revellatus,
1780 5992 2307 6071 accusatusque,
2356 5983 2492 6050 fuit
2536 5981 2973 6072 decapitatus
3019 5983 3388 6052 Florentie.
