4895 7066
523 1504 675 1555 Mus..
712 1505 795 1550 309

512 5339 669 5389 Μαι..
700 5338 782 5381 31·

947 472 1051 551 ts
2235 478 2722 555 cRoNJcA
2780 434 3364 557 Gnsmmm
4017 489 4337 565 [awo
4380 494 4658 565 aaran]

940 741 2479 836 progredientesetinsequentesdninum
2545 747 2966 830 Roherttnu
3020 768 3094 819 se
3153 749 3515 819 firmarunt
3570 767 3728 819 com
3789 750 3981 823 omni
4040 760 4282 819 eorum
4340 746 4656 817 exercitu

938 849 1405 1025 ”9⁶2aess
1423 849 2016 1030 gazaz-ml&
2046 961 2138 1030 de
2169 958 2516 1031 Montono
2555 981 2714 1031 com
2758 962 2900 1035 alio
2942 962 3498 1037 Florentinorum
3542 962 3822 1055 agmine
3868 961 4194 1033 discurrit
4237 962 4308 1030 in
4356 960 4658 1030 Senensi

943 1081 1117 1150 agro
1161 1082 1379 1151 usque
1425 1066 1498 1130 in
1544 1064 1787 1155 burgis
1817 1079 2011 1135 extra
2041 1068 2421 1149 civitatem,
2454 1089 2628 1158 quos
2657 1069 3050 1137 hostiliter
3028 1091 3193 1160 igne
3225 1071 3580 1151 cremavit,
3627 1070 3915 1139 multans
3957 1070 4250 1157 predam
4288 1068 4658 1137 botrium

838 1250 843 1257 .
942 1180 1017 1236 et
1059 1167 1551 1245 bestiammutn
1594 1173 1807 1260 cepit,
1852 1174 2299 1247 incommoda
2341 1176 2770 1262 permaxima
2809 1176 2961 1245 illic
3006 1177 3352 1245 inferretis
3399 1178 3620 1245 firmis
3659 1176 4118 1256 manentibus,
4163 1196 4296 1244 nec
4342 1197 4422 1242 se
4461 1197 4511 1242 a
4553 1174 4657 1242 lo-
4745 1172 4790 1239 5

940 1273 1309 1364 giamentis
1338 1279 1775 1349 moventibus
1803 1280 2127 1373 gentibus
2157 1281 2424 1351 domini
2455 1301 2658 1369 pape,
2690 1293 2762 1353 et
2791 1285 2982 1373 regis
3004 1284 3459 1364 Ferdinandi,
3490 1298 3626 1353 nec
3655 1283 4078 1353 audenti-bus
4101 1302 4178 1350 se
4206 1300 4516 1351 movere.

1127 1382 1221 1450 Et
1264 1384 1593 1471 quoniam
1636 1387 1728 1453 ad
1774 1388 2287 1475 expeditionem
2332 1399 2628 1457 tractate
2664 1389 2860 1475 pacis
2903 1408 3048 1457 non
3091 1389 3590 1461 deveniebat-u
3647 1409 3773 1479 per
3820 1411 4156 1459 summum
4205 1384 4656 1476 pontificenn'

946 1487 1264 1556 dominus
1307 1489 1660 1560 Robertus
1702 1493 2100 1562 Mallatesta
2128 1492 2218 1561 de
2249 1491 2600 1562 Arrimino
2632 1506 2706 1561 et
2735 1495 3059 1563 dominus
3105 1493 3554 1567 Constantius
3598 1497 3691 1567 de
3720 1494 4033 1575 Pisauro,
4066 1497 4399 1565 ductores
4424 1513 4660 1562 armo-

931 1615 1085 1661 rum
1132 1607 1204 1665 et
1250 1599 1584 1667 conducti
1626 1618 1671 1666 a
1712 1599 2158 1679 Florentinis,
2217 1600 2497 1673 insimul
2556 1601 2777 1696 juncti
2839 1613 3069 1673 castra
3128 1615 3505 1689 posuerunt
3570 1603 3786 1690 opido
3831 1602 4290 1671 munitissinm
4331 1614 4402 1669 et
4445 1600 4654 1669 diviti

935 1698 1178 1773 Sancti
1220 1700 1653 1793 Archangeli
1696 1706 2071 1779 vicariatus
2100 1705 2432 1787 Arimin-i,
2461 1708 2655 1796 quod
2684 1706 2778 1779 ab
2804 1708 3128 1777 Ecclesia
3155 1708 3524 1779 tenebatur
3552 1721 3624 1778 et
3651 1709 3826 1777 alias
3854 1709 4139 1779 domino
4168 1706 4507 1777 Arrimini
4537 1727 4656 1773 su-
4707 1705 4796 1775 10

929 1805 1195 1875 blatum
1235 1830 1367 1896 per
1418 1811 1773 1879 dominum
1831 1828 2085 1899 papam
2144 1810 2373 1892 Pium,
2425 1814 2746 1885 volentes
2803 1815 3029 1902 ipsum
3075 1815 3433 1885 domiuum
3490 1813 3828 1883 Arrimini
3890 1814 4324 1904 reintegrare
4386 1824 4459 1882 et
4520 1812 4660 1881 sibi

932 1914 1315 1987 vendicare
1358 1917 1591 1989 omnia
1634 1929 1889 1998 casua,
1932 1939 2069 2006 que
2112 1917 2250 1987 sibi
2292 1918 2386 1987 ab
2428 1919 2756 1991 Ecclesia
2813 1919 3303 1991 detinebantur
3359 1921 3562 1991 simul
3623 1943 3784 1991 cum
3828 1922 4120 1990 civitate
4160 1919 4389 1991 Fanni
4431 1932 4507 1988 et
4547 1919 4656 1987 vi-

933 2019 1202 2089 cariatu
1245 2023 1437 2091 omni
1477 2043 1623 2093 suo.

1110 2127 1267 2199 Hoc
1312 2129 1597 2217 quidem
1637 2148 1879 2203 mense
1925 2131 2137 2221 madii
2180 2132 2375 2201 venit
2416 2132 2756 2205 venetias
2798 2133 3080 2220 quidam
3124 2135 3581 2207 ambassiator
3610 2135 3847 2226 magni
3880 2134 4150 2203 Turchi
4181 2133 4480 2207 maxime
4511 2142 4656 2202 sta-

931 2244 1117 2312 ture,
1161 2254 1321 2304 com
1362 2257 1617 2325 maffia
1659 2258 1746 2313 ac
1791 2238 2093 2325 superba
2137 2238 2496 2309 hominum
2538 2239 2979 2313 Turonorum
3024 2240 3364 2313 societate
3425 2253 3497 2309 et
3553 2262 3808 2332 magne
3860 2252 4142 2328 stature,
4205 2240 4657 2310 inductorum
4705 2235 4786 2304 15

931 2360 1129 2411 more
1177 2362 1419 2413 eorum
1462 2344 1770 2415 vestibus
1814 2345 2065 2435 longis,
2107 2367 2195 2415 ac
2240 2347 2666 2433 portantium
2697 2346 2792 2413 in
2833 2346 3063 2434 capite
3110 2347 3496 2419 involutam
3524 2350 3763 2419 tellam
3795 2350 4242 2419 atrabensem
4269 2346 4660 2425 subtiliora,

929 2448 1296 2538 levemque
1341 2450 1437 2521 ad
1478 2470 1877 2521 mensuram
1920 2453 2215 2521 duom
2257 2452 2752 2525 linteaminum.
2845 2453 2990 2534 Qui
3032 2454 3172 2521 huc
3216 2456 3581 2541 profectus
3625 2468 3752 2537 est,
3781 2467 3861 2524 ut
3892 2455 4249 2525 dominum
4293 2456 4550 2524 ducem
4581 2465 4656 2520 et

933 2555 1476 2625 dominationem
1517 2559 1975 2627 Venetia-um
2019 2558 2353 2640 visitaret,
2398 2560 2879 2648 stabiliretque
2909 2574 3159 2647 pacem
3188 2561 3438 2631 initam
3483 2583 3640 2631 com
3685 2563 3996 2641 Turch0‚
4025 2563 4115 2631 de
4146 2582 4286 2651 qua
4326 2559 4660 2648 superius

932 2674 1283 2731 narratum
1331 2676 1454 2733 est.
1547 2665 1818 2734 Detulit
1862 2685 2142 2754 quoque
2190 2685 2347 2735 com
2397 2687 2484 2734 eo
2526 2666 3108 2753 preciosissimam
3149 2668 3532 2737 cincturam
3563 2669 4098 2737 addmnfibus
4124 2680 4196 2736 et
4224 2668 4387 2758 alijs
4414 2666 4656 2754 mgni

930 2769 1188 2837 valoris
1232 2772 1579 2859 lapidibus
1623 2772 1979 2853 munitam,
2024 2795 2233 2862 quam
2278 2774 2558 2841 nomine
2589 2774 2859 2843 Turchi
2902 2774 3097 2843 dicto
3128 2776 3295 2843 duci
3327 2776 3774 2856 condonavit,
3803 2798 3934 2865 per
3962 2797 4121 2843 eum
4151 2776 4458 2843 cinctam
4487 2794 4657 2861 por-
4699 2776 4790 2839 20

935 2877 1217 2944 tandam
1259 2899 1345 2945 ea
1389 2877 1566 2966 lege,
1611 2880 1802 2968 quod
1848 2880 2127 2967 quando
2157 2881 2483 2949 Tarchus
2514 2880 2648 2948 sibi
2676 2881 2865 2949 inam
2895 2881 3195 2955 misserit
3239 2882 3666 2970 requisitum,
3709 2893 4035 2951 teneatur
4061 2882 4254 2949 illam
4297 2882 4370 2949 ei
4414 2880 4656 2948 remit-

932 2994 1081 3051 tere
1097 3008 1117 3061 3
1165 2996 1472 3071 tuncque
1518 2986 1715 3055 facta
1759 3008 1847 3053 ea
1889 2985 2338 3073 requisitione
2384 2987 2833 3077 intelligatur·
2859 2998 3066 3074 rupta
3110 2987 3331 3055 omnis
3373 3010 3538 3076 pax,
3569 2989 3938 3077 omniaque
3966 3001 4180 3076 pacta
4209 2999 4297 3065 ,et
4339 3007 4654 3056 conven—

929 3088 1160 3157 tiones
1203 3090 1377 3157 inite
1431 3091 1611 3159 inter
1668 3091 1857 3179 ipms
1884 3092 2245 3161 Turchum
2291 3104 2364 3162 et
2406 3093 2743 3161 Venetos.
2832 3093 3143 3163 Portavit
3203 3113 3482 3183 quoque
3543 3117 3751 3163 unam
3811 3115 4087 3183 cupam-
4119 3115 4408 3161 ameum
4464 3113 4652 3160 mas-

929 3196 1193 3275 siciam,
1241 3219 1399 3265 cum
1445 3219 1585 3287 qua
1628 3198 1777 3286 ipse
1825 3199 2277 3269 amba-sistor
2321 3200 2596 3269 insimul
2642 3219 2802 3267 com
2860 3201 3054 3269 dicto
3119 3203 3300 3270 duce
3349 3215 3422 3271 et
3466 3203 3842 3271 duodecim
3883 3222 3972 3270 ex
4029 3200 4655 3290 principalioribus

931 3302 1209 3391 consilii
1250 3305 1495 3374 bibere
1540 3306 1829 3386 debent,
1869 3326 2228 3396 quousque
2275 3307 2419 3374 illic-
2464 3309 2734 3376 steterit
2798 3319 2868 3376 et
2929 3329 3142 3397 quam
3183 3309 3257 3377 in
3299 3331 3585 3378 recessu
3643 3329 3774 3376 suo
3831 3311 4100 3377 referre
4148 3308 4366 3377 debet
4408 3327 4653 3375 secum
4697 3306 4782 3374 25

928 3410 1025 3476 ad
1064 3410 1454 3478 Turchum:
1501 3425 1573 3481 et
1614 3413 1748 3481 hec
1808 3414 2045 3480 omnia
2084 3412 2157 3480 in
2203 3413 2417 3481 fidem
2465 3425 2536 3481 et
2595 3415 3211 3483 demostrationem
3270 3438 3438 3484 vere
3499 3416 3718 3504 pacis.
3807 3417 3889 3482 In
3949 3436 4089 3504 qua
4147 3435 4325 3501 pace
4386 3413 4654 3480 Veneti

925 3515 1270 3587 dederunt
1297 3517 1437 3605 ipsi
1461 3518 1751 3588 Turcho
1777 3518 2131 3601 Scutrum,
2153 3539 2311 3587 com
2334 3520 2546 3589 certis
2574 3520 2801 3608 pactis
2825 3532 2896 3590 et
2923 3522 3500 3591 conventionibus
3529 3535 3599 3591 et
3627 3522 3811 3591 inter
3838 3523 4000 3603 alis,
4022 3521 4213 3611 quod
4242 3520 4340 3588 ad
4367 3540 4656 3587 omnem

930 3624 1456 3712 requisitionem
1498 3626 1803 3713 ipsorum
1845 3626 2279 3694 Venetorum
2322 3628 2654 3695 Turchus
2698 3628 2802 3695 eis
2844 3630 3015 3696 dare
3059 3628 3352 3697 deberet
3395 3649 3528 3716 pro
3569 3650 3789 3719 guera
3839 3626 4146 3697 centum'
4189 3626 4380 3694 mille
4427 3647 4656 3715 equos

930 3728 1481 3819 belligeratores,
1523 3731 1819 3820 illosque
1863 3732 2080 3819 ipsius
2123 3731 2393 3800 Turehi
2440 3735 2763 3821 expensis
2790 3747 3238 3802 manutenere
3269 3736 3558 3803 durante
3590 3735 3740 3803 talli
3770 3755 4010 3824 guera.
4101 3735 4196 3804 Et
4228 3755 4268 3800 e
4301 3753 4656 3801 converso

927 3835 1099 3903 dicti
1129 3837 1390 3906 Veneti
1436 3849 1759 3907 tenentm·
1788 3839 1958 3906 dare
1990 3850 2064 3907 et
2092 3851 2542 3908 manutenere
2574 3842 2880 3931 propriis
2909 3842 3224 3927 expensis
3255 3842 3390 3929 ipsi
3419 3843 3707 3910 Turcho
3743 3854 4021 3909 centum
4049 3840 4318 3932 galleas
4343 3851 4655 3907 armatas
4695 3841 4780 3906 30

934 3962 1063 4028 pro
1106 3964 1327 4033 guera
1370 3944 1525 4010 fieri
1573 3944 1995 4013 obveniente
2040 3966 2167 4033 per
2212 3947 2443 4033 ipsum
2486 3946 2864 4014 Turchum.
2956 3948 3097 4014 Hic
3142 3968 3421 4036 quoque
3468 3948 3888 4016 ambasiator
3932 3960 4038 4015 est
4079 3957 4274 4013 tante
4317 3946 4654 4034 superbie

924 4060 1139 4137 atque
1183 4050 1601 4138 arrogantie,
1647 4051 1840 4138 quod
1885 4070 1975 4119 eo
2018 4052 2307 4119 sedente
2353 4064 2424 4120 et
2470 4052 2661 4139 apud
2705 4052 2934 4140 ipsum
2979 4065 3384 4122 transeunte
3430 4055 3616 4123 duce
3663 4065 3734 4121 et
3778 4054 3884 4121 illi
3928 4055 4269 4123 honorem
4323 4065 4395 4120 et
4446 4072 4653 4120 reve-

929 4155 1218 4222 rentiam
1278 4155 1619 4235 faciente,
1674 4177 1807 4244 pro
1865 4158 2084 4226 nihilo
2144 4160 2465 4248 assurgit,
2524 4180 2657 4227 nec
2718 4161 3058 4227 honorem
3100 4161 3359 4229 reddit.
3447 4162 3556 4228 De
3603 4160 3808 4228 cuius
3849 4159 4160 4227 adventu
4203 4171 4354 4226 tota
4399 4159 4660 4228 civitas

937 4261 1397 4330 Venetiarum
1441 4264 1984 4354 congratulatur,
2027 4264 2133 4331 illi
2173 4265 2515 4332 maximos
2558 4266 2866 4336 honores
2906 4268 3199 4347 faciens,
3245 4269 3438 4355 quod
3465 4269 3621 4336 Deo
3652 4267 3918 4335 dante
3897 4289 3970 4333 m
3998 4268 4311 4334 futurum
4339 4267 4646 4334 famum

930 4377 1002 4433 et
1043 4367 1219 4434 utile
1261 4369 1373 4437 sit.
4691 4369 4773 4439 35

1104 4473 1321 4543 Circa
1364 4476 1573 4544 finem
1614 4475 1830 4564 madii
1878 4476 2049 4544 dicti
2095 4478 2261 4544 anni
2310 4476 2479 4550 1479
2541 4479 2866 4548 dominus
2904 4482 3046 4549 dux
3103 4481 3386 4548 Ferarie
3432 4494 3503 4550 et
3544 4480 3859 4549 marchio
3918 4420 4220 4548 Mantua
4275 4499 4438 4547 cum
4500 4491 4655 4548 toto

926 4599 1193 4646 eorum
1208 4583 1526 4648 exercitu
1569 4604 1644 4649 se
1689 4583 2094 4649 levaverunt
2135 4604 2223 4650 ex
2267 4604 2437 4673 agro
2483 4585 2810 4667 Sarzane,
2852 4587 2972 4656 ubi
3017 4587 3362 4674 aliquibus
3393 4588 3643 4656 diebus
3671 4587 3920 4656 morati
3949 4598 4109 4653 sunt
4136 4607 4296 4655 cum
4325 4587 4660 4677 squadris

928 4686 1397 4776 quadraginta
1436 4690 1740 4776 quinque
1802 4708 2139 4777 equorum
2200 4700 2272 4758 et
2331 4690 2552 4758 tribus
2602 4692 2906 4760 millibus
2948 4694 3284 4781 peditum,
3330 4695 3781 4781 insequentes
3826 4694 4184 4761 dominum
4229 4693 4656 4773 Roberm

925 4792 1046 4878 qui
1089 4813 1167 4859 se
1212 4794 1587 4861 reduxerat
1646 4795 1822 4862 citra
1867 4793 2185 4862 Macram
2230 4818 2471 4863 versus
2517 4797 2847 4884 Spediam
2890 4800 2964 4865 in
3011 4799 3166 4868 loco
3214 4801 3305 4867 de
3351 4800 3707 4888 Ciparana
3750 4802 3826 4867 in
3869 4801 4234 4889 januensi3
4283 4812 4658 4889 oestraque

924 4917 1048 4962 ma
1091 4898 1536 4966 firmaverunt
1575 4920 1798 4987 prope
1828 4913 2131 4968 castrum
2179 4901 2423 4969 Sancti
2471 4903 2798 4984 Steffani,
2845 4906 3036 4993 quod
3081 4928 3124 4972 a
3167 4907 3418 4973 nostris
3460 4918 3762 4986 tenetur,
3805 4906 4044 4973 animo
4069 4905 4494 4993 insequendi
4525 4907 4654 4974 do·
4699 4908 4782 4971 40

928 5003 1191 5070 minum
1236 5004 1650 5085 Robertum,
1694 5027 1912 5095 usque
1955 5008 2049 5073 ad
2091 5008 2430 5076 ultimum.
2525 5009 2669 5077 Sed
2714 5009 2883 5097 quia
2926 5029 3217 5078 necesse
3263 5024 3416 5079 erat
3459 5012 3757 5080 transire
3796 5013 3872 5079 in
3922 5011 4286 5101 Januensi,
4348 5012 4657 5099 scripse-

926 5122 1088 5178 runt
1130 5110 1612 5198 januensibus,
1660 5113 1854 5197 quod
1912 5114 2385 5180 excomiarent
2446 5115 2538 5183 de
2585 5134 2824 5182 eorum
2876 5117 3225 5185 territorio
3269 5118 3534 5185 dictum
3580 5117 3942 5186 dommum
3984 5116 4406 5198 Robermm,
4451 5117 4658 5185 aliter

928 5216 1036 5280 eis
1075 5234 1367 5283 necesse
1410 5216 1599 5285 foret
1642 5217 1939 5285 transire
1986 5221 2061 5286 in
2102 5221 2488 5309 Januense3
2533 5223 2674 5288 hoc
2711 5220 3007 5308 juridice
3051 5224 3294 5290 facere
3335 5224 3676 5303 valentes,
3722 5224 4057 5314 quoniam
4104 5224 4259 5324 ipse
4324 5225 4660 5293 dominus

931 5320 1287 5388 Robertus
1330 5322 1403 5386 in
1448 5342 1618 5411 agro
1664 5321 1919 5392 Pisano
1967 5338 2543 5394 castramentatus
2603 5338 2709 5393 est
2754 5338 2825 5393 et
2870 5331 3120 5396 multas
3179 5330 3438 5415 predas
3481 5329 3710 5411 fecit,¹
3756 5349 3967 5419 quem
4013 5313 4277 5417 ubique
4333 5329 4668 5399 locorum

926 5425 1092 5494 licet
1133 5426 1411 5514 insequi
1454 5428 1761 5515 impune.
1851 5428 1921 5495 A
1965 5431 2215 5518 quibus
2254 5432 2724 5520 januensibus
2762 5454 3170 5520 responsum
3219 5436 3742 5522 expectabatur.
3832 5437 3927 5504 Et
3971 5437 4109 5505 boc
4156 5435 4440 5502 interim
4502 5436 4655 5523 ipse
4702 5433 4778 5502 45

927 5531 1249 5599 dominus
1289 5532 1649 5601 Robertus
1689 5554 1767 5602 se
1809 5535 2236 5605 fortificabat
2279 5538 2352 5604 in
2398 5538 2699 5625 quadam
2742 5539 2923 5606 valle
2969 5551 3042 5608 et
3083 5559 3160 5608 se
3212 5542 3537 5630 gentibus
3597 5543 3940 5624 munibat,
3998 5543 4259 5610 timens
4310 5541 4653 5630 justitiam

925 5636 1259 5705 divinam.

1101 5744 1573 5812 Receoeerunt
1620 5746 1713 5814 ab
1757 5746 2118 5816 obsidione
2162 5748 2402 5818 Sancti
2445 5746 2879 5839 Archangeli
2925 5750 3190 5818 domini
3232 5750 3568 5820 Arrimini
3612 5766 3689 5822 et
3728 5755 4026 5834 Pisauri,
4069 5767 4427 5824 venerunt
4475 5773 4654 5844 quo-

923 5867 1061 5937 que
1106 5849 1199 5916 ad
1243 5850 1620 5918 Civitatem
1651 5853 1960 5933 castelli,
1992 5874 2127 5942 que
2175 5854 2266 5921 ab
2310 5854 2633 5922 Ecclesia
2677 5855 3040 5924 tenebatur
3070 5868 3141 5923 et
3173 5858 3278 5924 illi
3306 5861 3588 5927 nomine
3636 5861 4202 5931 Florentinorum
4251 5874 4492 5930 castra
4520 5861 4651 5928 im·

935 5967 1334 6042 posuerunt,
1390 5957 1484 6023 ad
1545 5978 1682 6046 que
1743 5956 2003 6024 domini
2062 5961 2207 6028 dux
2236 5960 2579 6028 Hercules
2640 5972 2712 6028 et
2768 5964 3081 6031 marchio
3110 5964 3402 6036 Mantue
3447 5968 3756 6055 profecti
3800 5980 3985 6050 sunt,
4034 5968 4335 6048 dimissis
4378 5970 4478 6042 ad
4522 5990 4656 6056 op·
4699 5964 4778 6034 50
