4895 7066
560 1361 601 1390 c.
633 1358 749 1398 701·

496 2524 632 2566 Μυκ.
661 2523 742 2565 344

560 3710 602 3741 c.
633 3704 749 3748 7018

905 417 999 507 74
1640 540 1649 549 „
2187 420 2669 503 CRONICA
2724 420 3308 502 GESTORUM
3784 437 3898 512 [A.
3929 441 4094 499 1480
4130 438 4610 514 giumo-agusto

1354 570 1539 584 W

1901 575 2027 585 m

2447 576 2901 586 mun-uuum

3262 577 3367 587 ..u—n·-

1073 686 1283 756 Circa
1327 689 1532 756 finem
1575 688 1747 780 junij
1806 689 1974 754 1480
2019 687 2335 778 gibellini
2379 688 2746 768 Senenses,
2793 689 2916 777 qui
2962 700 3159 757 erant
3204 700 3401 756 extra
3445 688 3517 754 in
3562 690 3855 757 diversis
3899 691 4073 757 locis
4101 691 4416 780 relegati,
4449 711 4614 787 cum

895 795 1151 862 auxilio
1196 795 1400 863 ducis
1444 793 1794 862 Callabrie
1838 794 2274 862 intraverunt
2319 794 2541 861 Senas
2586 806 2659 862 et
2704 793 3145 880 expullerunt
3191 815 3275 862 ac
3320 794 3813 883 relegaverunt
3843 796 4304 885 quammultos
4331 795 4618 887 guelfos

889 913 1211 991 regentes
1257 913 1329 968 et
1371 900 1562 968 urbis
1605 900 1986 968 dominium
2032 911 2389 988 ceperunt,
2437 902 2585 967 eius
2632 900 3015 968 libertatem
3060 913 3432 981 servantes,
3478 902 3714 968 multis
3760 914 3993 970 tamen
4039 923 4128 969 ex
4181 902 4611 991 adversariis

889 1007 1338 1088 obtruncatis,
1385 1007 1739 1077 derobatis
1780 1019 1852 1074 et
1895 1007 2389 1088 exterminatis,
2436 1008 2552 1075 cui
2598 1007 2878 1096 negotio
2923 1006 3341 1077 Laurentius
3370 1007 3698 1075 Medicus
3729 1009 4173 1077 Florentinus
4214 1010 4415 1090 favit,
4448 1010 4612 1074 vin-

891 1115 1148 1181 dictam
1193 1135 1543 1182 summens
1586 1122 1831 1182 contra
1874 1114 2152 1203 guelfos
2195 1122 2520 1182 auctores
2549 1112 2717 1182 belli
2747 1125 2993 1181 contra
3037 1114 3480 1183 Florentinos
3511 1126 3582 1182 et
3610 1116 3731 1203 qui
3775 1114 4024 1183 ducem
4070 1114 4417 1184 Callabrie
4462 1115 4612 1202 pri-
4711 1112 4757 1179 5

896 1222 1104 1289 mitus
1145 1227 1562 1308 receperant
1607 1220 1678 1286 in
1723 1239 1894 1309 agro
1939 1241 2084 1288 suo.

1070 1328 1320 1396 Tertio
1360 1327 1539 1418 jullij
1596 1327 1764 1393 1480
1811 1327 2002 1394 venit
2046 1326 2367 1395 Parmam
2400 1327 2777 1396 cardinalis
2818 1326 3199 1416 Avignoni,
3247 1348 3467 1416 nepos
3511 1327 3761 1394 summi
3802 1328 4173 1416 pontificis,
4219 1328 4443 1396 iturus
4473 1349 4607 1415 pro

890 1437 1125 1526 legato
1149 1435 1226 1500 in
1248 1432 1622 1522 Avignono
1655 1445 1726 1501 et
1753 1433 2135 1502 honorifice
2158 1445 2229 1502 et
2253 1435 2504 1503 festive
2535 1435 2668 1502 fuit
2697 1435 3077 1502 associatus
3109 1435 3237 1503 sub
3269 1434 3693 1502 baldechino
3718 1456 3761 1500 a
3779 1447 3928 1502 toto
3961 1435 4149 1503 clero
4180 1446 4251 1504 et
4280 1434 4609 1503 omnibus

885 1542 1145 1631 regulis
1190 1541 1492 1608 civitatis
1539 1551 1609 1607 et
1654 1539 2009 1629 allogiavit
2037 1560 2192 1609 com
2226 1541 2511 1635 domino
2557 1542 2895 1628 episcopo
2942 1540 3300 1609 Parmensi
3344 1542 3417 1608 in
3463 1561 3588 1608 suo
3634 1541 3919 1629 pallatio
3966 1541 4289 1630 expensis
4332 1541 4608 1609 ducalis

903 1668 1201 1727 camere,
1246 1645 1686 1733 habebatque
1731 1664 1965 1714 secum
2009 1668 2131 1713 sex
2178 1649 2546 1735 episcopos
2591 1659 2664 1715 et
2710 1668 2927 1735 equos
2973 1647 3332 1715 curialium
3376 1667 3653 1715 suorum
3703 1660 3987 1716 centum
4031 1648 4557 1736 quinquaginta.
4667 1648 4758 1712 10

1064 1753 1333 1821 Octavo
1364 1751 1536 1844 jullij
1574 1752 1753 1818 filius
1798 1752 2064 1819 domini
2108 1753 2312 1820 Cichi
2344 1754 2434 1820 de
2467 1751 2799 1835 Forlivi0,
2832 1773 3038 1842 quem
3070 1753 3397 1821 dominus
3425 1752 3642 1820 Pinus
3671 1754 3895 1823 frater
3937 1755 4084 1821 eius
4127 1756 4303 1821 mori
4333 1754 4611 1821 fecerat

890 1863 963 1927 in
1011 1859 1427 1937 carceribus,
1472 1878 1689 1925 uxore
1735 1857 1949 1945 ipsius
1993 1858 2255 1925 domini
2299 1858 2459 1925 Pini
2489 1859 2718 1940 vidua,
2764 1872 2842 1926 ut
2887 1861 3136 1927 tutrice
3182 1860 3541 1927 cuiusdam
3588 1861 3737 1926 eius
3781 1860 3905 1949 filij
3942 1860 4293 1938 naturalis,
4323 1870 4609 1927 tenente

890 1968 1272 2035 dominium
1319 1965 1627 2056 Forlivij,
1661 1964 1946 2032 intravit
1977 1966 2049 2032 in
2081 1985 2222 2064 una
2264 1978 2462 2053 parte
2513 1966 2700 2034 arcis
2744 1966 3067 2046 civitatis,
3113 1988 3249 2054 que
3296 1978 3401 2034 est
3448 1966 3780 2033 distincta
3823 1967 3898 2033 in
3945 1979 4086 2035 tres
4127 1979 4368 2054 partes
4414 1979 4488 2033 et
4532 1968 4608 2032 in

885 2086 1028 2142 tres
1073 2074 1488 2141 castellanos
1533 2083 1601 2140 et
1648 2095 1737 2139 ex
1780 2073 1920 2139 hoc
1965 2084 2158 2140 certe
2204 2086 2451 2161 gentes
2494 2073 2839 2162 armigere
2886 2086 3243 2161 equestres
3288 2087 3360 2142 et
3404 2073 3784 2160 pedestres,
3817 2094 3952 2161 que
3998 2073 4148 2140 iuic
4195 2074 4401 2141 misse
4446 2074 4610 2139 fue-

889 2192 1045 2248 rant
1073 2200 1206 2268 per
1233 2179 1541 2246 Venetos
1571 2180 1643 2244 in
1674 2178 2010 2245 auxilium
2042 2179 2231 2246 dicte
2265 2166 2570 2260 domine,
2619 2192 3059 2248 sacomanate
3104 2181 3410 2259 fuerunt,
3457 2180 3624 2267 ipsis
3668 2180 3960 2248 Venetis
4005 2192 4076 2247 et
4119 2200 4385 2246 summo
4429 2201 4611 2266 pon·
4668 2176 4750 2245 15

885 2289 1073 2355 tific'e
1121 2288 1306 2354 dicte
1350 2285 1623 2352 mulieri
1669 2286 2084 2353 faventibus.
2178 2287 2338 2374 Ipsa
2380 2308 2548 2354 vero
2594 2287 2874 2354 domina
2919 2288 3092 2353 alias
3135 2288 3309 2355 duas
3351 2300 3588 2375 partes
3632 2288 3814 2355 arcis
3857 2287 4142 2355 tenebat
4171 2307 4329 2354 com
4358 2287 4608 2354 favore

883 2395 1088 2461 unius
1130 2394 1346 2481 partis
1389 2392 1632 2480 populi
1678 2405 1750 2461 et
1794 2393 1932 2459 alia
1976 2403 2179 2479 parte
2223 2394 2511 2460 favente
2558 2395 2752 2463 dicto
2797 2393 2966 2460 fillio
3014 2393 3281 2461 domini
3312 2394 3544 2474 Cichi,
3575 2394 3690 2462 cui
3735 2395 3825 2461 de
3869 2396 4021 2485 jure
4069 2405 4339 2482 spectat
4359 2393 4611 2461 'domi-

892 2500 1119 2567 nium'.
1211 2500 1391 2566 Nam
1437 2499 1626 2566 fama
1671 2500 1825 2579 fuit,
1872 2498 2084 2565 filium
2131 2499 2393 2568 domini
2438 2499 2737 2567 Roberti
2783 2499 2873 2567 de
2920 2499 3186 2568 Sancto
3232 2499 3571 2568 Severino
3631 2500 3789 2567 vele
3840 2500 4062 2587 ipsam
4120 2499 4471 2568 dominam
4532 2500 4608 2565 in

882 2627 1170 2675 uxorem
1216 2606 1568 2693 accipere,
1613 2618 1691 2673 ut
1733 2605 1927 2672 urbis
1971 2605 2282 2673 dominio
2326 2605 2658 2693 potiatur,
2689 2607 2965 2694 hacque
2996 2626 3124 2693 pro
3169 2626 3381 2674 causa
3410 2606 3772 2674 dominum
3817 2606 4206 2675 Robertum
4236 2625 4398 2673 com
4425 2625 4603 2694 gen-

885 2715 1069 2784 tibus
1112 2712 1473 2802 armigeris
1516 2712 1775 2779 morari
1820 2712 2135 2779 Bononie
2184 2723 2255 2780 et
2297 2712 2742 2780 Florentinos
2785 2714 3024 2780 favere
3071 2713 3265 2779 dicto
3311 2713 3455 2780 filio
3503 2712 3770 2783 domini
3816 2712 4039 2781 Cichi.
4657 2714 4750 2777 20

1064 2821 1345 2889 Turcus
1388 2820 1481 2887 de
1527 2838 1766 2886 mense
1805 2817 1977 2908 junij
2031 2828 2259 2885 castra
2302 2819 2535 2906 posuit
2578 2819 2773 2887 Rodi
2818 2841 2979 2887 cum
3039 2819 3308 2909 ingenti
3354 2831 3620 2887 armata
3663 2831 3735 2887 et
3780 2838 3936 2886 com
3994 2818 4418 2887 bombardia.
4511 2819 4607 2887 Et

888 2948 1253 3016 opponens
1299 2946 1376 2993 se
1420 2926 1512 2993 ad
1556 2937 1852 3013 portum,
1901 2924 2023 2994 ubi
2066 2938 2170 2992 est
2213 2925 2443 3005 turris,
2490 2926 2565 2992 in
2611 2948 2752 3015 qua
2805 2925 3065 2992 lumina
3122 2937 3477 3013 ponuntur
3517 2926 3592 2991 in
3635 2938 3847 2994 nocte
3890 2947 4023 3013 pro
4070 2927 4364 2994 navibus
4406 2926 4609 2994 navi-

885 3034 1231 3126 gantibus,
1275 3032 1496 3119 ipsam
1555 3031 1764 3098 turim
1825 3050 1982 3098 com
2043 3031 2431 3101 bombarda
2493 3053 2623 3120 pro
2681 3053 2935 3121 magna
2995 3043 3194 3119 parte
3256 3045 3362 3101 est
3418 3032 3818 3112 demolitum
3866 3031 3957 3100 ab
4000 3033 4187 3102 intus
4237 3054 4408 3102 vero
4471 3031 4609 3100 sibi

886 3142 1152 3230 optime
1213 3140 1679 3227 respondetur
1737 3159 1867 3225 per
1926 3158 2250 3228 magnum
2310 3139 2715 3227 magistrum
2775 3139 2989 3220 Rodi,
3036 3139 3156 3226 qui
3214 3138 3288 3205 in
3331 3139 3545 3207 Rodo
3604 3139 3820 3207 habet
3863 3152 4132 3227 septem
4191 3139 4384 3207 mille
4445 3161 4609 3227 pre-

889 3250 1173 3317 liatores
1218 3246 1522 3316 audaces
1566 3258 1638 3314 et
1695 3245 1877 3313 bene
1923 3257 2242 3313 armatos.
2332 3246 2711 3334 Reperitur
2752 3266 3030 3335 quoque
3089 3246 3333 3314 civitas
3377 3268 3506 3335 per
3548 3245 3871 3314 trienium
3930 3247 4193 3335 optime
4253 3246 4607 3335 victualiis
4648 3248 4740 3313 25

886 3367 957 3423 et
1000 3352 1525 3422 defensionibus
1571 3352 1854 3420 munita.
1947 3351 2168 3420 Senes
2212 3373 2404 3433 vero,
2451 3352 2761 3420 infantes
2809 3363 2881 3419 et
2925 3353 3290 3420 mulierum
3321 3372 3575 3442 magna
3602 3373 3766 3439 pars
3810 3373 3888 3420 se
3931 3352 4214 3420 reduxit
4256 3353 4330 3419 in
4377 3365 4608 3421 castro

886 3461 1129 3530 Sancti
1175 3459 1368 3527 Petri
1400 3459 1491 3526 ad
1520 3457 1848 3524 milliaria
1875 3480 1989 3525 xx.
2035 3458 2269 3526 locum
2300 3457 2734 3526 tutissimum.
2810 3457 3053 3525 Meuia
3079 3458 3273 3527 Rodi
3303 3471 3463 3527 sunt
3505 3457 4090 3551 inexpugnabilia.
4166 3458 4322 3526 Hec
4352 3459 4608 3528 scribit

890 3568 1218 3659 magister
1265 3588 1423 3635 com
1467 3566 1603 3633 Dei
1645 3564 2103 3653 protectione.

1071 3675 1154 3742 In
1195 3673 1550 3761 principio
1595 3671 1801 3738 huius
1843 3671 2097 3738 mensis
2140 3673 2320 3763 jullij
2376 3674 2804 3740 reverendus
2862 3673 3182 3741 dominus
3234 3670 3582 3744 Ascanius
3632 3673 4067 3754 vicecomes,
4129 3673 4251 3761 qui
4311 3675 4607 3742 Ferarie

883 3782 1231 3870 relegatus
1275 3781 1526 3859 fuerat,
1570 3790 1650 3846 ut
1692 3799 1904 3866 snpra
1947 3790 2297 3846 narratum
2341 3791 2464 3860 est,
2512 3780 2722 3847 certis
2780 3780 2979 3848 bonis
3022 3779 3450 3867 respectibus
3507 3790 3774 3847 mutato
3819 3769 3979 3848 loco
4025 3780 4157 3849 ivit
4205 3780 4605 3869 Neapolim,
4647 3782 4739 3847 30

886 3889 985 3958 ibi
1030 3910 1390 3956 mansurus
1435 3887 1528 3955 ad
1571 3885 2088 3972 beneplacitum
2136 3886 2571 3955 dominorum
2614 3897 3025 3954 nostrorum.

1059 3996 1379 4083 Dumque
1424 3995 1526 4061 sic
1573 3993 1709 4060 iret
1750 3991 2126 4080 Neapolim
2155 3993 2514 4080 prefactus
2543 3993 2866 4061 dominus
2897 3992 3261 4074 Ascanius,
3293 4004 3664 4062 revocatus
3692 3994 3887 4062 venit
3914 3995 4362 4075 Florentiam,
4394 3993 4499 4061 ibi
4530 3994 4607 4061 in

810 4177 820 4187 ,
885 4103 1190 4173 confinio
1235 4121 1618 4168 mansurus.

1060 4209 1414 4290 Quoniam
1444 4206 1770 4274 Turchus
1798 4225 1955 4273 com
1984 4205 2249 4297 ingenti
2298 4207 2609 4277 exercitu
2640 4220 2866 4275 castra
2896 4208 3127 4295 posuit
3157 4208 3371 4288 Rodi,
3401 4219 3748 4298 temptans
3778 4208 3967 4275 omni
4008 4210 4147 4289 via,
4178 4229 4316 4296 qua
4343 4219 4605 4296 potest,

886 4318 1168 4387 Rodum
1212 4315 1550 4394 obtinere,
1596 4334 1899 4381 summus
1940 4313 2282 4400 pontifex,
2312 4337 2440 4381 rex
2469 4316 2953 4383 Ferdinandus
2987 4327 3056 4383 et
3084 4316 3341 4384 Veneti
3370 4316 3583 4404 ligam
3613 4315 3887 4383 insimul
3918 4318 4242 4384 fecerunt
4283 4336 4415 4405 pro
4443 4336 4608 4384 suc-
4649 4314 4730 4383 35

887 4424 1237 4492 currendo
1283 4421 1496 4490 Rodo
1543 4433 1842 4500 tantum3
1892 4432 1963 4488 et
2007 4419 2226 4488 multa
2270 4432 2519 4489 contra
2562 4421 2921 4490 Turchum
2967 4432 3448 4509 preparantur.

1061 4532 1144 4598 In
1187 4528 1540 4618 principio
1585 4528 1839 4595 mensis
1884 4529 2157 4617 augusti
2202 4528 2368 4595 anni
2422 4529 2591 4595 1480
2637 4529 2938 4618 quedam
2984 4530 3235 4596 mulier
3277 4528 3355 4594 in
3400 4528 3652 4617 Capite
3711 4526 3956 4597 Pontis
4001 4527 4310 4621 civitatis·
4350 4528 4607 4597 Parme

884 4639 1163 4727 peperit
1206 4635 1444 4704 filliam
1488 4646 1562 4702 et
1603 4634 1797 4702 illico
1843 4634 1992 4702 visa
2035 4646 2143 4702 est
2186 4635 2531 4723 expirare,
2564 4658 2771 4723 quam
2817 4657 2976 4704 com
3020 4637 3391 4704 crederent
3419 4648 3781 4716 mortuam,
3813 4637 4169 4728 sepulture
4211 4657 4604 4705 marmoree

881 4746 956 4813 in
1022 4743 1325 4812 ecclesia
1392 4741 1649 4809 Sancte
1717 4741 1982 4808 Cecilie
2048 4740 2549 4828 imposuerunt.
2639 4743 2835 4811 Infra
2901 4743 3205 4811 triduum
3265 4743 3501 4830 puella
3559 4743 3868 4823 moritur,
3913 4764 4121 4832 quam
4184 4744 4277 4811 ad
4337 4744 4605 4811 dictam

879 4851 1242 4919 ecclesiam
1287 4850 1360 4916 in
1406 4849 1593 4915 dicta
1636 4846 1994 4936 sepultura
2039 4848 2440 4935 ponendam
2488 4848 2903 4917 detulerunt.
2981 4849 3417 4937 Aperientes
3456 4850 3901 4937 sepulchrum
3930 4850 4213 4917 inventa
4242 4860 4347 4918 est
4374 4861 4601 4917 mater
4648 4852 4728 4916 40

880 4958 1126 5027 sedere
1172 4970 1244 5024 et
1288 4976 1363 5024 se
1409 4955 1805 5043 scapilasse,
1853 4977 1942 5021 ex
1983 4956 2123 5023 hoc
2169 4955 2334 5043 quia
2379 4968 2667 5023 extensa
2711 4968 2784 5024 et
2828 4956 3041 5046 ligata
3083 4956 3399 5045 capillos,
3446 4958 3717 5044 sepulta
3745 4956 3997 5068 fuerat.
4088 4957 4414 5025 Creditur
4441 4977 4602 5024 eam

882 5066 1095 5132 fuisse
1140 5062 1674 5132 transmortitam
1722 5062 1794 5127 in
1838 5073 2063 5148 partu,
2111 5063 2302 5149 quod
2345 5062 2498 5149 alijs
2541 5062 2890 5131 accidisse
2938 5063 3178 5130 fertur.

1059 5170 1274 5239 Circa
1316 5168 1674 5235 dimidium
1722 5168 1892 5234 dicti
1941 5170 2197 5236 mensis
2240 5169 2510 5257 augusti
2557 5170 2841 5238 reddite
2898 5180 3054 5236 sunt
3116 5169 3343 5237 littere
3389 5193 3434 5237 a
3479 5169 3762 5238 civitate
3821 5169 4026 5237 Barri
4085 5168 4344 5258 Apulie
4398 5189 4599 5238 reve·

879 5279 1289 5347 rendissimo
1337 5275 1621 5343 domino
1665 5273 2030 5342 Parmensi
2076 5275 2433 5363 episcopo,
2482 5276 2853 5365 qualliter’
2833 5298 2907 5342 ιιι
2938 5275 3253 5364 partibus
3297 5276 3433 5345 illis
3476 5276 3765 5345 marinis
3813 5289 4284 5364 apparuerant
4312 5289 4598 5344 centum

878 5384 1377 5474 quinquaginta
1434 5381 1617 5450 velle
1672 5381 1969 5462 Turchi,
2016 5404 2152 5471 que
2213 5383 2339 5450 toti
2400 5381 2503 5449 illi
2548 5383 2820 5473 regioni
2862 5396 3123 5451 metum
3169 5383 3618 5452 inducebant.
3707 5383 3802 5451 Et
3847 5385 3938 5453 ob
3982 5383 4120 5450 hoc
4180 5383 4359 5450 filius
4421 5383 4602 5452 dicti
4644 5382 4721 5450 45

879 5492 1066 5583 regis
1110 5492 1254 5558 dux
1300 5487 1672 5569 Caliabrie,
1721 5489 1841 5578 qui
1890 5501 2039 5557 erat
2083 5490 2156 5555 in
2201 5509 2371 5579 agro
2416 5490 2710 5557 Senensi
2757 5509 2913 5557 com
2957 5511 3083 5559 suo
3132 5490 3467 5572 exercitu,
3514 5511 3557 5557 a
3600 5501 3802 5578 patre
3847 5499 4215 5558 revocatus
4262 5510 4421 5558 com
4452 5509 4601 5557 om-

884 5599 1087 5667 nibus
1128 5597 1449 5689 gentibus
1493 5595 1866 5686 Neapolim
1932 5597 2347 5664 festinanter
2405 5597 2769 5685 profectus
2831 5608 2955 5665 est.
3048 5598 3207 5686 Ipse
3270 5609 3499 5667 autem
3568 5618 3712 5678 rea,
3759 5597 3879 5685 qui
3921 5615 4162 5665 versus
4203 5595 4601 5664 Calabriam

1058 5964 1111 6023 4.
1148 5948 1405 6019 negotio]
1445 5965 1590 6019 nego
1625 5951 1741 6005 cod.
1779 5977 1847 5990 —
1886 5946 1972 6004 26.
2011 5947 2167 6021 para]
2204 5952 2395 6019 partes
2428 5948 2547 6003 cod.
