4895 7066
292 482 416 556 [Α.
455 485 616 539 uso
649 479 911 551 ottobre]
1496 472 1610 546 IN
1660 470 2176 545 PARTIBUS
2233 471 2868 544 LOMBARDIE
3939 474 4028 546 81

2324 615 2800 624 unm-onn-v-o-mo··mn-u-uu-u
2807 615 3704 626 nna—mannum—-oao—-fflfflQ-*m
3711 617 4020 627 nuo-mmmm·-

491 696 642 763 Hac
684 706 907 763 estate
955 696 1276 783 proxima
1317 697 1929 765 reverendissimus
1974 695 2292 762 dominus
2337 694 2727 762 Parmensis
2772 693 3140 781 episcopus
3185 694 3359 761 fecit
3403 696 3708 762 construi
3752 695 3826 762 in
3876 696 4044 761 cha-

298 803 559 872 tedmli
602 800 901 870 ecclesia
931 802 1292 871 Parmensi
1322 823 1531 870 unum
1562 803 1749 870 aliud
1782 802 2250 892 dignissimum
2297 821 2632 890 organum
2664 822 2751 867 ex
2783 799 3103 887 opposito
3148 800 3428 868 alterins
3473 802 3726 869 veteris
3770 802 4033 890 organi.

486 909 731 976 Parate
778 922 980 975 erant
1041 910 1178 976 due
1239 930 1452 976 naves
1496 910 1785 976 maxime
1847 931 1975 997 per
2037 909 2414 997 januenses
2459 907 2789 974 mittende
2853 906 2924 971 in
2986 906 3304 976 auxilium
3364 907 3547 996 regis
3604 908 4028 974 Ferdinandi

305 1029 563 1082 contra
603 1016 919 1082 Teucros
968 1016 1039 1081 in
1082 1014 1401 1104 Apullea,
1448 1036 1731 1104 quarum
1779 1015 1998 1083 altera
2040 1015 2202 1082 viris
2247 1013 2728 1102 preliatoribus
2775 1025 3018 1080 onusta
3061 1013 3132 1078 in
3191 1027 3417 1100 portu,
3463 1025 3673 1082 vento
3728 1036 3879 1080 eam
3921 1035 4036 1080 re-

202 1121 247 1187 5
303 1123 662 1202 volvente,
708 1122 1065 1189 submersa
1110 1137 1215 1191 est
1259 1135 1330 1189 et
1373 1123 1567 1190 multi
1616 1135 1772 1190 sunt
1815 1123 1886 1188 in
1931 1122 2101 1187 mari
2146 1121 2487 1188 suffocati.
2579 1119 2822 1186 Altera
2851 1139 3040 1198 vero,
3088 1140 3224 1207 que
3273 1131 3419 1186 erat
3465 1140 3666 1198 nova,
3697 1141 3825 1209 per
3855 1121 4038 1187 viam

292 1228 582 1295 sentine
641 1251 823 1317 aqua
880 1230 1171 1317 repleta,
1233 1230 1542 1298 fonditus
1583 1229 1881 1296 intravit.
1973 1229 2155 1296 Nam
2217 1241 2288 1295 et
2348 1248 2504 1293 cum
2563 1249 2688 1293 rex
2745 1238 3097 1313 pretactus
3157 1226 3522 1292 maximum
3580 1227 3855 1293 navium
3910 1248 4037 1292 nu-

290 1357 576 1401 merum
620 1349 1061 1424 preparasset
1104 1337 1176 1402 in
1221 1350 1426 1424 portu
1471 1337 1958 1423 Neapolitano,
2004 1348 2087 1402 ut
2123 1335 2444 1401 Turchos
2505 1346 2690 1401 terra
2746 1333 3054 1435 marique
3118 1332 3588 1422 agrederetur,
3643 1334 3768 1400 sed
3829 1332 4032 1398 mira-

292 1441 473 1508 culo
521 1443 748 1529 potius
795 1465 1000 1531 quam
1047 1443 1245 1511 aliter
1288 1465 1559 1531 semper
1619 1443 1752 1510 illis
1810 1455 2056 1510 ventus
2103 1441 2322 1508 extitit
2369 1441 2772 1519 contrarius,
2835 1441 3016 1508 adeo
3081 1440 3269 1529 quod
3328 1452 3600 1527 portum
3662 1461 4032 1527 nomquam

287 1549 555 1636 egredi
596 1551 966 1636 potuerint.
1058 1551 1150 1617 Et
1195 1551 1294 1618 sic
1337 1550 1603 1617 Turchi
1650 1571 1885 1618 eorum
1932 1549 2277 1638 navigium
2324 1549 2395 1615 in
2440 1561 2695 1615 terram
2742 1549 3112 1626 trahentes,
3159 1568 3247 1613 ne
3293 1559 3528 1634 posset
3574 1547 3882 1614 comburi
3927 1547 4032 1613 in-

160 1656 235 1720 10
290 1668 536 1735 caute,
567 1656 1177 1745 Indrontinamque
1225 1657 1569 1725 civitatem
1615 1657 1871 1745 optime
1918 1657 2009 1722 ad
2054 1656 2413 1722 defensam
2460 1655 2911 1734 muniverunt,
2958 1654 3029 1720 in
3078 1675 3163 1721 ea
3207 1666 3368 1721 octo
3413 1653 3598 1719 mille
3643 1654 3916 1741 pedites
3961 1667 4034 1721 et

285 1761 896 1850 quinquecentum
944 1764 1229 1852 equites,
1276 1763 1426 1853 alijs
1471 1765 1563 1832 ad
1606 1764 1975 1831 Vallonam
2022 1762 2497 1841 transfretatis,
2546 1761 2858 1828 dimissis.

484 1870 848 1960 Vigesimo
894 1891 1081 1939 nono
1128 1871 1431 1939 octobris
1483 1872 1654 1938 1480
1700 1871 1982 1938 bannita
2023 1870 2156 1936 fuit
2202 1868 2440 1936 civitas
2499 1869 2729 1937 Rome
2774 1867 2846 1934 in
2891 1880 3038 1935 toto
3086 1867 3390 1935 dominio
3436 1867 3694 1934 ducalli
3743 1879 4028 1955 propter

286 1988 576 2063 pestem
618 1977 763 2044 illic
809 1978 1161 2068 vigentem
1207 1990 1278 2045 et
1319 1978 1684 2066 pullullare
1728 1979 2096 2066 inceptam,
2146 1997 2284 2066 quo
2330 1988 2641 2064 tempore
2688 1975 2759 2041 in
2812 1986 2956 2042 tota
3003 1974 3227 2042 Itallia
3271 1974 3435 2041 alibi
3495 1995 3636 2042 non
3696 1975 4036 2062 reperitur

290 2081 393 2148 de
444 2084 756 2170 presenti
803 2107 955 2152 esse
1000 2098 1287 2173 pestem.

168 2185 244 2254 15
488 2190 751 2257 Ultimo
801 2192 1106 2259 octobris
1166 2193 1351 2280 capti
1413 2205 1568 2260 sunt
1630 2205 1700 2260 et
1759 2192 2093 2259 carcerati
2152 2192 2402 2259 Parme
2451 2203 2523 2258 et
2566 2191 2637 2258 in
2683 2203 2830 2258 toto
2878 2190 3137 2258 ducalli
3192 2189 3496 2257 dominio
3541 2190 3713 2257 hora
3759 2190 4031 2257 decima

292 2309 556 2363 octava
601 2317 841 2364 omnes
884 2298 1125 2365 hebrei
1186 2312 1569 2368 mutuantes
1614 2312 1685 2367 et
1729 2300 2075 2387 descripta
2136 2320 2372 2367 eorum
2432 2298 2637 2379 bona,
2686 2299 2784 2366 sic
2833 2297 3302 2365 ordinantibus
3362 2297 3655 2365 dominis
3718 2296 4027 2376 ducibus,

290 2402 417 2488 qui
468 2403 891 2491 scripserunt
939 2405 1340 2473 officialibus
1368 2407 1640 2486 Parme,
1671 2408 1860 2495 quod
1894 2428 2049 2473 com
2080 2405 2349 2473 duobus
2378 2405 2977 2493 principalioribus
3009 2404 3298 2473 civibus·
3330 2405 3726 2492 apperirent
3773 2403 4030 2472 litteras

288 2508 367 2573 in
416 2510 561 2591 suis
628 2511 951 2579 inclusas·
997 2512 1171 2580 hora
1236 2514 1554 2601 predicta
1620 2515 1720 2582 sic
1788 2514 2042 2602 ubique
2112 2525 2361 2580 statuta
2431 2525 2503 2580 et
2565 2512 2877 2581 omnibus
2934 2512 3387 2599 potestatibus
3450 2523 3823 2578 castrorum
3871 2531 4025 2577 com

294 2638 445 2683 uno
514 2618 783 2686 consuli
844 2632 918 2686 et
977 2621 1166 2708 quod
1227 2644 1312 2689 ea
1370 2622 1543 2687 hora
1604 2621 1861 2690 litteras
1918 2621 2104 2709 ipsas
2149 2632 2219 2687 et
2263 2641 2404 2687 non
2451 2633 2633 2700 ante,
2681 2620 2808 2687 sub
2869 2621 3066 2709 gravi
3123 2641 3309 2707 pena
3368 2619 3716 2706 aperirent
3763 2629 3834 2685 et
3873 2617 4028 2685 illas

57 2752 60 2755 ·
166 2722 245 2786 20
292 2739 833 2812 exequerentur.
924 2729 1017 2794 Et
1062 2730 1161 2795 sic
1207 2727 1461 2816 ubique
1506 2729 1578 2796 in
1624 2742 1770 2796 toto
1816 2729 2118 2796 dominio
2164 2739 2394 2795 actum
2441 2742 2564 2795 est.
2658 2729 2749 2794 Et
2796 2749 3002 2795 causa
3061 2726 3442 2806 ascribitur,
3491 2725 3678 2815 quod
3726 2725 3855 2813 ipsi
3903 2726 4026 2791 de,-

57 2860 67 2873 =
170 2883 175 2887 .
290 2830 533 2897 robari
577 2832 902 2901 fecerunt
945 2834 1201 2902 hostias
1249 2849 1707 2917 consecratas,
1756 2837 1844 2903 de
1891 2836 2138 2925 quibus
2183 2857 2388 2922 supra
2432 2846 2780 2903 narratum
2827 2847 2954 2912 est,
2997 2835 3070 2900 in
3117 2832 3456 2922 aliquibus
3501 2832 3819 2921 ecclesiis
3850 2842 3921 2898 et
3947 2831 4024 2897 id

292 2958 338 3002 a
383 2939 691 3025 quodam
735 2941 953 3026 iudeo
996 2943 1268 3009 noviter
1313 2942 1658 3029 baptizato
1719 2944 1851 3010 fuit
1910 2942 2311 3010 revelatum.
2401 2943 2511 3008 De
2573 2962 2711 3030 quo
2775 2962 3011 3009 omnes
3071 2941 3325 3028 stupidi
3385 2952 3602 3020 erant,
3653 2951 4024 3027 antequam

298 3043 526 3112 littere
573 3046 726 3133 ipse
771 3050 1220 3135 aperirentur,
1267 3071 1423 3117 cum
1469 3071 1608 3118 non
1653 3051 2170 3139 intelligeretur,
2219 3050 2548 3139 quidnam
2593 3051 2664 3115 in
2726 3051 2824 3116 eis
2886 3048 3336 3116 ordinaretur.
3429 3045 3793 3134 Apertioni
3855 3065 4024 3133 qua-

297 3172 452 3216 rum
499 3153 879 3250 litterarum
925 3177 1053 3242 per
1100 3156 1427 3224 officiales
1468 3157 1717 3224 Parme
1764 3158 1993 3225 vocati
2047 3169 2204 3225 sunt
2261 3178 2392 3244 pro
2456 3156 2691 3245 primis
2754 3155 3068 3223 dominus
3131 3154 3569 3221 Lanfrancus
3614 3153 3704 3221 de
3752 3151 4022 3221 Garim-

57 3284 69 3302 <
180 3254 256 3320 25
302 3254 513 3325 bertis
554 3260 785 3328 milles
830 3263 918 3328 de
965 3263 1264 3350 squadra
1308 3263 1560 3331 Rubea
1605 3276 1676 3330 et
1720 3263 2035 3331 dominus
2080 3264 2466 3352 Jeronimus
2511 3264 2880 3331 Bernerius
2904 3263 3014 3328 'de
3061 3261 3360 3349 squadra
3402 3260 3847 3328 Pallavicina.

474 3366 610 3431 Die
654 3368 967 3454 proxime
1017 3369 1204 3435 dicta
1249 3371 1562 3437 dominus
1592 3371 1990 3439 Ludovicus
2036 3372 2124 3438 de
2171 3369 2445 3437 Antinis
2491 3371 2739 3438 doctor
2784 3371 2873 3436 de
2920 3369 3223 3458 squadra
3267 3367 3692 3436 Pallavicina
3735 3380 4023 3436 vocatus

298 3471 435 3538 fuit
476 3472 955 3542 Mediolanum
1000 3497 1129 3564 pro
1161 3476 1416 3545 vicario
1447 3478 1933 3565 provisionum,
1965 3478 2365 3567 dignissimo
2400 3477 2631 3559 offitio,
2678 3477 2835 3545 loco
2882 3475 3113 3545 fratris
3146 3475 3505 3544 castellani
3549 3475 3760 3543 Porte
3806 3474 4020 3563 Jovis,

301 3579 419 3665 qui
466 3592 573 3646 est
618 3581 708 3648 de
756 3582 1196 3674 Heustachijs
1240 3585 1329 3651 de
1374 3584 1615 3672 Papia,
1663 3586 1971 3672 deputati
2013 3606 2144 3673 pro
2193 3584 2508 3652 auditore
2552 3583 2861 3673 generali
2905 3584 2976 3649 in
3025 3595 3250 3651 castro
3296 3582 3699 3649 Mediolani.

474 3688 689 3755 Circa
748 3690 956 3756 finem
1021 3691 1187 3757 dicti
1246 3693 1498 3759 mensis
1552 3691 1853 3772 octobris
1899 3693 2029 3759 fuit
2070 3693 2362 3759 maxima
2410 3690 2753 3758 discensio
2803 3690 2980 3757 inter
3026 3690 3375 3757 dominum
3420 3689 4018 3776 archiepiscopum

196 3793 269 3875 30
306 3809 621 3881 patmum
683 3796 943 3861 domini
1002 3796 1308 3884 Baptiste
1373 3799 1461 3865 de
1521 3799 2100 3887 Campofrugosio
2164 3798 2362 3865 ducis
2421 3799 2642 3887 Janue
2691 3810 2761 3864 et
2807 3798 3157 3863 dominum
3210 3796 3579 3863 Obiectum
3624 3797 3714 3863 de
3760 3796 4017 3875 Flisco,

306 3902 415 3987 qui
459 3901 637 3968 duas
679 3916 916 3989 portas
964 3916 1034 3970 et
1076 3904 1417 3970 Luculum
1464 3926 1546 3972 ac
1590 3903 2059 3974 Castellatium
2108 3906 2331 3994 janue
2379 3903 2660 3972 tenebat
2706 3926 2794 3971 ex
2838 3904 3085 3971 sedero
3130 3904 3299 3971 inito
3363 3923 3516 3969 com
3563 3903 3752 3970 dicto
3813 3903 4016 3970 duce.

311 4008 395 4074 Et
434 4009 717 4075 tandem
760 4009 910 4096 ipse
958 4011 1273 4078 dominus
1319 4010 1652 4079 Obiectus
1696 4013 1827 4079 fuit
1870 4013 2175 4100 privatus
2238 4012 2441 4079 dictis
2504 4010 2768 4078 duabus
2829 4011 3045 4098 portis
3100 4022 3170 4077 et
3216 4009 3536 4097 expulsus
3584 4031 3671 4075 ex
3719 4009 4014 4077 civitate.

316 4113 418 4180 Ob
462 4115 653 4202 quod
698 4115 819 4182 illa
865 4116 1106 4183 civitas
1148 4139 1339 4185 arma
1386 4119 1570 4205 cepit
1618 4130 1687 4185 et
1731 4119 1974 4184 mirum
2022 4130 2143 4198 est,
2195 4119 2384 4206 quod
2430 4129 2620 4185 tanto
2667 4130 2976 4204 tempore
3025 4129 3266 4184 contra
3311 4115 3581 4183 solitum
3628 4116 4016 4204 quieverint
4135 4110 4146 4127 ¹

319 4220 702 4308 Januenses.

212 4325 282 4393 35
479 4328 840 4396 Venerunt
884 4343 1130 4417 postea
1171 4352 1377 4411 nova,
1424 4332 1612 4419 quod
1671 4332 1922 4400 auxilio
1985 4332 2153 4399 dicti
2217 4333 2474 4399 domini
2537 4331 2812 4399 Obiecti
2875 4344 3145 4398 creatus
3205 4331 3338 4398 fuit
3379 4330 3451 4397 in
3497 4330 3749 4397 ducem
3791 4331 4013 4420 Janue

324 4434 617 4500 dominus
658 4433 1083 4523 Augustinus
1128 4437 1215 4503 de
1262 4437 1841 4526 Campofrugosio
1888 4436 1958 4504 et
2003 4439 2093 4504 de
2143 4438 2417 4504 civitate
2467 4438 2788 4525 expulsus
2848 4438 3164 4504 dominus
3207 4436 3624 4523 Baptistinus
3670 4436 3758 4503 de
3806 4436 4013 4504 Cam-

326 4540 708 4629 pofrugosio
754 4540 845 4607 ab
893 4542 1089 4609 annis
1134 4543 1404 4610 duobus
1450 4545 1623 4611 citra
1669 4556 1939 4611 creatus
1989 4544 2128 4610 dux
2168 4556 2328 4631 post
2372 4544 2998 4611 recalcitrationem
3046 4545 3308 4611 factam
3354 4543 3559 4609 statui
3604 4541 4007 4610 Mediolani.

326 4646 402 4713 Et
438 4647 527 4713 ob
572 4648 708 4714 hoc
756 4669 993 4716 comes
1035 4648 1378 4717 Marsilius
1423 4650 1749 4717 Torellus
1796 4664 2131 4739 cognatus
2177 4652 2345 4719 dicti
2389 4651 2653 4719 domini
2716 4648 3081 4739 Baptistini
3143 4651 3235 4718 ad
3277 4650 3429 4716 illas
3472 4661 3708 4737 partes
3753 4649 4014 4738 equitat

330 4772 462 4819 com
504 4755 860 4842 sexaginta
903 4756 1276 4844 armigeris.

224 4860 298 4924 40
477 4859 863 4928 Penultimo
912 4861 1213 4928 octobris
1265 4864 1433 4929 1480
1475 4862 1548 4929 in
1591 4886 1792 4932 mane
1841 4885 1996 4930 cum
2045 4864 2358 4932 dominus
2419 4864 2676 4932 Cichus
2722 4864 2811 4933 de
2858 4865 3211 4933 Callabria
3269 4866 3528 4952 primus
3587 4863 3998 4933 secretarius

332 4965 647 5053 quondam
691 4965 1284 5035 illustrissimorum
1328 4969 1757 5037 dominorum
1804 4971 2057 5038 ducum
2105 4972 2459 5039 Francisci
2489 4984 2561 5039 et
2606 4972 2865 5038 Galeaz
2907 4972 3153 5052 Marie,
3186 4973 3574 5059 detemptus
3602 4973 4014 5039 retineretur

332 5071 389 5136 in
422 5082 641 5138 castro
688 5071 927 5159 Papie,
973 5085 1050 5140 ut
1092 5074 1259 5141 alias
1305 5096 1485 5143 anno
1529 5077 1837 5162 proxime
1889 5098 2088 5144 curso
2134 5090 2479 5145 narratum
2529 5089 2651 5158 est,
2697 5078 2768 5144 in
2815 5078 3115 5146 adventu
3158 5078 3540 5145 Mediolani
3582 5077 4016 5145 illustrissimi

334 5178 559 5246 domini
600 5177 945 5245 Ludovici
992 5179 1288 5261 Sforcie,
1335 5201 1422 5249 ac
1452 5183 1714 5250 domini
1757 5184 2054 5251 Roberti
2101 5183 2190 5250 de
2239 5183 2498 5252 Sancto
2546 5185 2879 5252 Severino
2923 5197 3084 5271 post
3128 5197 3352 5252 tantos
3398 5185 3543 5252 eius
3588 5183 3882 5265 labores,
3927 5204 4014 5251 ac

338 5284 819 5371 persecutiones
865 5298 932 5352 et
978 5287 1293 5374 deposita
1337 5289 1615 5356 domina
1661 5290 1936 5357 ducissa
1977 5314 2020 5357 a
2063 5291 2393 5380 regimine
2440 5304 2676 5372 status,
2710 5291 3137 5379 decapitatus
3169 5292 3299 5357 fuit
3328 5292 3400 5357 in
3428 5292 3582 5378 ipso
3616 5303 3842 5359 castro
3873 5291 4010 5358 Pa-

240 5387 305 5455 45
338 5391 442 5476 pie.
523 5390 693 5457 Post
753 5412 958 5478 quam
1005 5393 1587 5480 decapitationem
1630 5396 1817 5463 illico
1867 5396 2273 5464 caballarius
2317 5398 2652 5485 applicuit
2700 5418 2854 5464 com
2899 5398 3139 5486 gratia,
3189 5409 3259 5463 et
3304 5398 3577 5464 frustra.
3670 5398 3827 5464 Nec
3873 5420 4002 5485 pu-

341 5495 552 5563 blicata
598 5497 731 5563 fuit
777 5517 986 5565 causa
1032 5499 1211 5565 tallis
1258 5501 1805 5588 decapitationis.
1893 5502 2023 5570 Cui
2071 5503 2564 5591 decapitationi
2609 5516 2791 5571 totus
2834 5504 3133 5591 populus
3176 5503 3534 5591 Papiensis
3576 5503 3890 5570 interfuit
3934 5505 4007 5570 in

339 5603 524 5690 platea
572 5603 803 5670 castri.
894 5604 1076 5671 Nam
1117 5606 1299 5673 intra
1342 5608 1719 5675 revelinum
1762 5609 2054 5695 primum
2103 5611 2308 5677 castri
2353 5633 2559 5698 super
2603 5632 2743 5679 uno
2789 5612 2931 5678 alto
2978 5611 3299 5677 tribunali
3342 5612 3538 5678 facta
3569 5623 3672 5678 est
3700 5610 3853 5698 ipsa
3884 5610 4006 5677 de-

342 5709 624 5798 capitatio
671 5722 745 5776 et
790 5710 1106 5778 omnibus
1150 5725 1496 5781 ostensum
1542 5714 1677 5781 fuit
1723 5727 1931 5802 caput
1975 5715 2283 5784 incisum.

460 5992 990 6062 gahocmood.

575 6221 1294 6294 'Empta—6.

4179 930 4331 982 Mun...
4367 929 4447 973 ³3³

4161 4990 4282 5032 Mun

4291 5021 4324 5043 ,‚
4356 4990 4440 5034 3³⁴
