4895 7066
482 2762 525 2797 C.
551 2760 673 2801 2577

434 3178 587 3232 Mun..
617 3179 694 3224 277

855 446 953 521 24
2145 440 2622 560 CRONICA
2679 438 3263 519 GESTORUM
3757 455 3863 528 [A.
3902 452 4074 516 1478
4111 446 4585 528 mazzo-aprile]

1903 601 2946 611 m—-vnmm—.u-mmwmumouma
2950 601 3773 611 m-fflfflnfflm-

867 712 1234 781 Lunesane
1284 714 1654 800 deputatus
1700 713 1997 782 officium
2043 714 2520 801 capitaneatus
2565 712 2851 801 gerebat
2894 711 3173 777 illarum
3219 711 3538 798 partium,
3585 712 3851 780 levatus
3894 712 4030 780 fuit
4091 724 4162 780 et
4221 713 4580 800 relegatus

860 816 1239 888 Florentie.
1332 819 1471 887 Hic
1520 820 1705 888 enim
1750 831 1899 888 erat
1945 821 2096 887 sine
2142 820 2369 908 culpa.

1029 926 1299 993 Eodem
1346 942 1529 995 anno
1575 938 1646 995 et
1690 948 1925 994 mense
1971 927 2214 1018 marcij
2264 924 2589 995 dominus
2635 925 2974 994 Obiectus
3021 925 3112 991 de
3155 924 3413 1004 Flisco,
3445 925 3568 1013 qui
3600 924 3692 991 ob
3723 936 4089 994 tractatum
4120 925 4388 993 domini
4423 925 4582 991 Ro·-

858 1031 1037 1099 berti
1099 1034 1190 1101 de
1254 1032 1513 1101 Sancto
1561 1033 1898 1105 severino
1961 1045 2207 1120 captus
2265 1044 2334 1100 et
2392 1033 2699 1100 inclusus
2746 1034 2973 1101 fuerat
3034 1032 3110 1097 in
3176 1053 3315 1100 una
3383 1053 3470 1098 ex
3534 1032 3805 1099 turibus
3850 1032 4059 1098 castri
4103 1044 4305 1119 porte
4353 1030 4583 1120 Jovis,

861 1144 1208 1206 extractus
1251 1140 1389 1207 fuit
1433 1152 1504 1208 et
1547 1140 1697 1208 ibat
1739 1151 1983 1228 postea
2010 1161 2139 1227 per
2168 1142 2394 1227 ipsum
2425 1154 2752 1219 castrum,
2785 1139 3165 1207 associatus
3195 1151 3422 1205 tamen
3455 1138 3783 1206 continue
3829 1161 3872 1204 a
3918 1138 4187 1206 duobus
4228 1137 4584 1226 provisio-
4672 1133 4708 1199 5

865 1244 1066 1325 natis,
1113 1266 1187 1313 se
1234 1244 1508 1336 singulo
1559 1246 1675 1315 die
1720 1231 2142 1314 mutantibus
2189 1258 2260 1314 et
2304 1268 2462 1314 com
2496 1267 2581 1314 eo
2613 1248 2857 1315 aderat
2901 1246 3182 1334 quidam
3226 1268 3388 1312 suus
3433 1267 3653 1333 nepos
3696 1245 3853 1333 pari
3898 1247 4111 1314 modo
4157 1245 4578 1313 custoditus.

1033 1350 1139 1420 Eo
1185 1350 1395 1421 etiam
1439 1372 1675 1421 mense
1719 1352 2063 1422 Antonius
2106 1354 2501 1443 Tayaferus
2545 1376 2721 1421 unus
2766 1374 2854 1419 ex
2885 1352 3247 1421 confinatis
3276 1352 3664 1419 Mediolani
3697 1351 4000 1420 obtinuit
4030 1352 4292 1418 litteras
4321 1363 4583 1437 paten-

849 1468 957 1524 tes
1000 1459 1284 1557 ducales
1327 1480 1456 1547 pro
1502 1460 1727 1529 officio
1774 1461 2278 1529 refferendarie
2324 1461 2587 1529 Laude.
2635 1461 2947 1547 Cumque
2978 1460 3052 1525 in
3085 1459 3420 1527 callendis
3451 1458 3694 1550 marcij
3733 1459 3903 1525 dicti
3948 1459 4114 1523 anni
4142 1458 4330 1525 velet
4358 1478 4581 1524 acce-

855 1564 1027 1632 dere
1075 1566 1166 1634 ad
1214 1567 1438 1654 ipsum
1485 1567 1806 1646 officium,
1853 1566 1990 1634 sibi
2038 1567 2175 1634 fuit
2220 1566 2591 1634 inhibitum
2638 1580 2708 1635 et
2753 1568 2855 1633 sic
2904 1566 3182 1635 delusus
3226 1566 3480 1632 mansit
3526 1565 3601 1631 in
3647 1586 3773 1632 suo
3821 1565 4144 1632 confinio·

1025 1670 1135 1740 De
1181 1693 1413 1741 mense
1470 1675 1797 1761 predicto
1857 1674 2107 1762 marcij
2170 1673 2262 1740 ob
2308 1673 2656 1762 quandam
2701 1674 2896 1741 litem
2943 1685 3198 1741 motam
3245 1683 3492 1740 contra
3537 1672 3924 1739 Galvanum
3979 1671 4394 1752 Cantellum,
4445 1670 4577 1758 qui
4635 1672 4712 1733 lo

860 1776 1249 1865 detemptus
1313 1778 1817 1847 observabatur
1880 1778 1957 1845 in
2022 1800 2188 1848 arce
2233 1780 2462 1870 Tricij
2511 1779 2603 1847 ob
2646 1780 2976 1846 insultum
3021 1777 3380 1865 potestatis
3425 1778 3698 1858 Parme,
3759 1770 3849 1845 ob
3910 1799 4355 1845 sacomanum
4417 1777 4585 1843 Ru-

851 1879 1139 1950 beorum
1183 1895 1253 1952 et
1297 1885 1464 1973 quia
1505 1897 1924 1954 tractaverat
1970 1896 2214 1954 contra
2257 1898 2530 1965 statum,
2578 1885 2963 1972 relapsatus
3029 1885 3168 1952 fuit
3215 1896 3285 1952 et
3331 1885 3583 1951 ductus
3625 1884 3701 1950 in
3749 1897 3975 1952 castro
4020 1883 4440 1962 Mediolani,
4491 1895 4574 1947 ut

852 2008 1132 2057 cansam
1179 2013 1371 2061 suam
1416 1994 1593 2060 tueri
1640 2006 1894 2080 posset,
1940 1992 2061 2060 ubi
2106 2012 2234 2079 pro
2282 2005 2478 2060 certo
2524 2004 2835 2079 tempore
2879 1992 3132 2060 mansit
3177 2003 3247 2059 et
3291 2003 3557 2079 postea,
3602 1991 3896 2078 prestita
3942 1990 4381 2058 fideiussione
4429 2004 4584 2058 tre-

855 2108 1210 2165 centorum
1258 2118 1624 2169 aureorum
1668 2100 2159 2167 solvendorum
2202 2117 2333 2187 pro
2378 2100 2812 2167 restitutione
2858 2098 3239 2177 sacomani,
3287 2098 3625 2165 liberatus
3670 2098 3808 2166 fuit
3851 2098 3942 2165 ab
3976 2098 4125 2185 ipsa
4156 2096 4580 2183 detemptio-

860 2222 970 2283 ne,
1016 2204 1141 2271 sed
1185 2217 1416 2273 tamen
1463 2228 1603 2273 una
1648 2223 1803 2274 com
1849 2205 2005 2294 alijs
2050 2206 2381 2274 remansit
2426 2207 2776 2294 relegatus
2819 2205 2896 2270 in
2939 2204 3371 2272 Mediolano.
4627 2203 4701 2267 15

1030 2309 1298 2379 Eodem
1343 2330 1527 2381 anno
1582 2313 1747 2385 1478
1798 2312 1989 2401 capti
2035 2326 2194 2381 sunt
2261 2315 2401 2381 duo
2452 2314 2648 2380 cives
2689 2312 3079 2380 Mediolani
3149 2312 3239 2377 de
3283 2312 3667 2398 parentella
3733 2311 4074 2400 Johannis
4116 2309 4402 2380 Andree
4475 2313 4575 2378 de

857 2412 1396 2506 LampugnanO,
1467 2419 1588 2508 qui
1658 2431 1859 2488 erant
1926 2420 2357 2489 advisatores
2433 2420 2713 2508 quando
2783 2420 3132 2507 quondam
3201 2420 3342 2485 dux
3412 2419 3673 2486 Galeaz
3738 2417 4022 2486 exhibat
4068 2420 4159 2487 de
4207 2433 4437 2486 castro
4505 2431 4581 2485 et

858 2544 973 2589 xx.
1023 2524 1141 2592 die
1185 2524 1459 2612 aprillis
1504 2528 1681 2595 alter
1739 2548 1977 2594 eorum
2022 2527 2157 2594 fuit
2202 2527 2276 2592 in
2321 2526 2609 2613 publico
2654 2526 2729 2591 in
2775 2528 3077 2593 Broveto
3124 2536 3533 2614 squartatus,
3580 2526 3758 2592 alter
3800 2547 3969 2592 vero
4029 2545 4161 2613 per
4215 2525 4578 2594 civitatem

850 2626 943 2695 ad
991 2633 1284 2699 caudam
1332 2636 1500 2720 equi
1545 2646 1828 2714 tractus,
1875 2635 2317 2722 postmodum
2365 2633 2804 2721 decapitatus
2848 2632 3150 2719 publice.

1022 2736 1293 2805 Eodem
1325 2756 1506 2807 anno
1547 2740 1712 2811 1478
1742 2741 1859 2808 die
1890 2740 2054 2831 xxij.
2089 2740 2354 2827 aprillis
2383 2738 2790 2829 magnificus
2820 2739 3141 2809 dominus
3169 2739 3477 2828 Jacobus
3507 2738 3912 2807 Bonarellus
3940 2739 4364 2830 gubernator
4394 2738 4576 2805 Par-
4625 2740 4711 2802 20

844 2864 978 2922 me,
1013 2856 1219 2932 capto
1266 2846 1337 2913 in
1383 2848 1690 2936 hospitio
1736 2844 2013 2914 Bersilli
2060 2846 2415 2914 Gabrielle
2460 2847 2550 2914 de
2595 2846 2664 2913 la
2708 2846 2981 2925 Viride,
3029 2867 3166 2913 uno
3215 2869 3302 2912 ex
3345 2846 3652 2913 bannitis
3695 2858 3766 2913 et
3811 2848 3899 2915 de
3933 2847 4233 2935 squadra
4261 2845 4577 2912 Pallavi-

854 2949 1038 3030 cina,
1085 2951 1310 3038 ipsum
1356 2950 1431 3019 in
1477 2954 1764 3042 publico
1810 2954 1882 3019 in
1927 2954 2101 3022 hora
2144 2953 2527 3033 tertiarum,
2575 2952 2762 3019 omni
2821 2952 3080 3039 populo
3151 2953 3457 3032 vidente,
3529 2954 3839 3040 appendi
3901 2953 4076 3021 fecit
4143 2954 4394 3041 laqueo
4441 2974 4581 3039 per

845 3055 1101 3145 gullam
1143 3060 1237 3125 ad
1281 3060 1732 3128 collonnellos
1777 3060 2041 3150 pallatij
2092 3060 2477 3128 communis
2524 3059 2594 3126 in
2637 3060 2904 3146 plateis,
2936 3059 3058 3126 ubi
3090 3060 3208 3149 alij
3246 3060 3536 3147 appensi
3569 3072 3757 3128 sunt:
3794 3081 3933 3148 quo
3980 3080 4289 3147 appenso
4334 3060 4574 3125 sonari

843 3161 1016 3231 fecit
1059 3186 1410 3255 arengam,
1457 3179 1534 3234 ut
1578 3169 1654 3234 fit
1697 3167 2187 3254 proditoribus.
2279 3167 2412 3234 Hic
2463 3165 2673 3233 etiam
2720 3167 2951 3233 fuerat
2995 3167 3225 3233 audax
3273 3166 3446 3233 latro
3493 3166 3567 3231 in
3614 3186 3983 3233 sacomano
4027 3164 4469 3234 Rubeorum'
4504 3177 4576 3232 et

844 3269 917 3335 in
964 3270 1469 3358 prophanando
1516 3274 1868 3342 ecclesias.
1960 3275 2055 3342 Et
2097 3275 2235 3341 hoc
2281 3273 2420 3340 fuit
2465 3273 2660 3340 aliud
2707 3272 3019 3340 divinum
3065 3273 3423 3362 judicium.
4620 3273 4701 3337 25

1027 3378 1295 3445 Eodem
1340 3401 1522 3447 anno
1577 3374 1743 3452 1478
1794 3380 1912 3449 die
1958 3403 2118 3447 xxv.
2164 3380 2453 3467 aprinis,
2500 3401 2638 3468 qua
2685 3379 3105 3447 cellebratur
3148 3381 3402 3446 festum
3449 3380 3671 3448 sancti
3720 3382 4031 3471 Georgij,
4077 3379 4575 3446 illustrissimus

844 3500 929 3550 ac
963 3486 1583 3555 excellentissimus
1628 3487 1950 3557 dominus
1993 3488 2347 3578 Johannes
2393 3487 2655 3555 Galeaz
2697 3486 2927 3554 Maria
2974 3486 3254 3554 Sforcia
3299 3487 3720 3556 Vicecomes
3765 3487 4034 3557 ducalis
4063 3486 4575 3576 primogenitus

841 3592 1046 3659 etatis
1092 3613 1430 3661 annorum
1475 3615 1725 3663 novem
1770 3612 1927 3663 com
1988 3594 2395 3685 previlegijs
2439 3594 2918 3681 imperialibus
2982 3605 3253 3661 creatus
3306 3606 3407 3662 est
3469 3596 3610 3661 dux
3670 3595 4060 3663 Mediolani
4121 3595 4279 3662 loco
4343 3615 4573 3683 quon-

846 3698 1005 3765 dam
1072 3701 1413 3791 genitoris
1460 3704 1584 3783 sui,
1632 3703 2074 3790 sumpsitque·
2101 3703 2381 3770 ducalia
2423 3701 2729 3791 insignia
2772 3701 3074 3769 maximo
3144 3721 3302 3767 com
3372 3702 3746 3788 triumphO,
3817 3702 4196 3770 associatus
4263 3703 4570 3768 maxima

843 3818 1054 3894 gente
1121 3808 1470 3898 armigera
1539 3808 1846 3899 equestri
1917 3821 1986 3876 et
2030 3809 2358 3896 pedestri,
2403 3820 2481 3875 ut
2549 3807 2694 3874 talli
2756 3807 3064 3895 principi
3115 3810 3476 3886 convenit3
3526 3808 3598 3874 in
3646 3830 3783 3897 qua
3830 3808 4261 3876 cellebritate
4306 3810 4565 3875 multos
4610 3810 4695 3872 30

841 3913 1107 3980 creavit
1151 3914 1402 3982 milites
1445 3928 1516 3984 et
1558 3916 1777 3982 multa
1819 3915 2141 4002 preciosa
2186 3916 2368 3982 dona
2413 3915 2609 3982 fecit.
2702 3914 2953 3981 Postea
2987 3934 3142 3980 com
3172 3915 3340 4002 ipsis
3371 3915 3753 4005 armigeris,
3787 3914 4160 3983 benedicto
4205 3916 4399 4002 prius
4441 3937 4564 3980 ve-

841 4017 1033 4099 xillo,
1078 4032 1155 4088 ut
1201 4019 1410 4087 moris
1454 4033 1579 4101 est,
1626 4020 1807 4089 illud
1850 4023 2116 4109 portari
2164 4033 2234 4087 et
2279 4020 2609 4088 associari
2654 4021 2826 4088 fecit
2871 4043 2999 4107 per
3030 4022 3383 4087 civitatem
3429 4021 3500 4085 in
3546 4021 3783 4088 sollito
3828 4022 4117 4089 zardino
4153 4022 4382 4087 castri.
4476 4022 4574 4087 Et

839 4144 971 4210 pro
1019 4147 1157 4213 quo
1202 4128 1276 4194 in
1320 4139 1469 4196 toto
1517 4127 1822 4196 dominio
1871 4127 2131 4196 ducalli
2175 4128 2365 4194 facte
2417 4141 2577 4195 sunt
2638 4127 2960 4197 triduane
3022 4129 3503 4213 processiones
3565 4147 3722 4195 com
3769 4129 3957 4195 clero
4003 4139 4075 4195 et
4120 4127 4259 4196 alio
4303 4128 4569 4214 populo

840 4241 913 4300 et
957 4253 1116 4301 com
1160 4236 1515 4322 campanis
1559 4257 1604 4302 a
1648 4236 1854 4304 festo.

1018 4340 1285 4408 Eodem
1329 4363 1564 4409 mense
1612 4337 1877 4429 aprillis
1924 4342 2114 4408 circa
2160 4343 2365 4408 finem
2412 4341 2583 4409 dicti
2629 4341 2794 4407 anni
2848 4340 3014 4413 1478
3067 4354 3216 4410 orta
3269 4354 3462 4409 certa
3493 4342 3651 4407 rixa
3695 4342 3767 4407 in
3812 4353 3998 4409 terra
4032 4338 4350 4430 Corrigie
4381 4338 4570 4408 inter
4614 4338 4696 4405 35

840 4443 1199 4514 Andream
1247 4449 1335 4515 de
1380 4448 1657 4516 Mutina
1702 4460 1773 4515 et
1819 4448 2204 4536 johannem
2251 4448 2586 4516 Varolum
2620 4450 2710 4516 de
2742 4449 3049 4536 squadra
3096 4448 3516 4529 Sanvitallis,
3548 4448 3789 4515 ambos
3819 4447 4146 4515 bannitos
4189 4459 4260 4513 et
4305 4446 4426 4535 qui
4455 4447 4566 4513 in·-

844 4555 1229 4623 terfuerant
1297 4555 1688 4622 sacomanis
1735 4567 1804 4622 et
1847 4554 2278 4635 tractatibus,
2325 4556 2415 4622 de
2462 4555 2715 4642 quibus
2782 4577 2993 4643 supra
3059 4555 3291 4642 sepius
3336 4556 3602 4623 dictum
3662 4567 3785 4634 est,
3833 4556 3986 4642 ipse
4038 4552 4364 4621 Andreas
4408 4575 4570 4620 com

842 4681 981 4728 uno
1027 4681 1193 4728 ense
1239 4662 1555 4749 pluribus
1600 4662 1852 4729 ictibus
1896 4662 2284 4730 vulneravit
2331 4662 2598 4730 dictum
2642 4664 3034 4753 Johannem
3077 4663 3437 4741 Varolum,
3486 4662 3605 4751 qui
3649 4661 3842 4728 illico
3888 4663 4099 4729 vitam
4146 4662 4371 4728 finivit
4415 4661 4568 4728 sine

842 4769 1305 4837 confessione.
1398 4770 1533 4836 Hic
1581 4769 1768 4835 enim
1814 4769 1985 4835 alias
2027 4782 2105 4835 ut
2149 4769 2427 4836 satelles
2496 4769 2760 4836 domini
2817 4768 3157 4858 Jeronimi
3225 4767 3542 4856 Bernerij
3613 4769 3979 4836 occiderat
4024 4768 4094 4833 in
4138 4768 4390 4855 plateis
4434 4767 4565 4835 do-

836 4874 1099 4941 minum
1128 4875 1663 4943 Bartollameum
1711 4876 1799 4942 de
1843 4875 2158 4942 Lallacta
2188 4873 2551 4943 doctorem
2585 4888 2655 4944 et
2683 4876 2970 4942 militem
3000 4877 3361 4963 potestatis
3406 4897 3545 4943 uno
3595 4876 3712 4942 die
3755 4875 3936 4965 jovis
3979 4874 4223 4953 sancti,
4272 4886 4562 4960 eratque
4613 4875 4697 4938 40

838 4979 1170 5047 maximus
1214 4981 1395 5048 latro
1443 4993 1514 5049 et
1557 4981 1911 5049 homicida
1957 4992 2027 5048 et
2074 4994 2222 5050 erat
2264 4980 2680 5050 ballistarius
2728 5003 2943 5068 eques
2992 4982 3257 5050 domini
3303 4981 3624 5049 Roberti.
3714 4981 3805 5049 Et
3849 4982 3988 5047 hoc
4034 4979 4168 5047 fuit
4212 4979 4403 5048 aliud
4455 4980 4568 5046 di-

840 5086 1077 5154 vinum
1120 5086 1481 5179 judicium.

1012 5193 1286 5262 Eodem
1333 5215 1515 5263 anno
1571 5191 1736 5267 1478
1788 5196 1901 5263 die
1946 5196 2130 5284 xxvj.
2179 5196 2446 5283 aprillis
2490 5197 2563 5262 in
2612 5198 2891 5264 civitate
2945 5196 3295 5264 Florentie
3341 5196 3701 5263 ordinatus
3747 5195 3881 5263 fuit
3926 5194 4264 5261 maximus
4311 5205 4381 5261 et
4425 5204 4567 5260 tre-

837 5302 1130 5369 mendus
1174 5312 1510 5370 tractatus
1555 5322 1681 5389 per
1727 5304 2095 5370 nonnullos
2141 5303 2335 5371 cives
2380 5303 2841 5384 Florentinos‚
2905 5303 3372 5370 mediantibus
3432 5303 3715 5369 domino
3777 5323 3962 5389 papa
4026 5301 4248 5380 Sixto,
4312 5301 4565 5367 comite

834 5405 1193 5496 jeronimo
1242 5419 1495 5496 nepote
1544 5430 1665 5476 suo
1714 5421 1781 5477 et
1824 5394 1993 5500 rege
2039 5410 2512 5490 Ferdinando,
2561 5411 2770 5476 misso
2819 5411 3239 5478 Florentiam
3287 5432 3426 5478 uno
3475 5409 3816 5477 cardinali
3847 5410 4053 5477 etiam
4101 5422 4359 5495 nepote
4392 5409 4567 5475 dicti
4612 5405 4697 5472 45

834 5515 1206 5602 pontificis,
1266 5526 1342 5583 ut
1400 5515 1754 5604 negotium
1817 5517 2061 5583 melius
2106 5518 2473 5585 sortiretur
2518 5518 2871 5598 effectum,
2934 5519 3027 5584 ad
3086 5519 3274 5584 hunc
3321 5519 3547 5596 finem,
3609 5518 3802 5605 quod
3862 5517 4090 5583 dictus
4142 5535 4268 5582 rex
4327 5526 4562 5602 posset

834 5622 924 5689 de
967 5621 1324 5690 Florentia
1369 5622 1443 5689 in
1492 5643 1614 5689 suo
1662 5623 1857 5690 libito
1908 5625 2278 5711 disponere
2324 5638 2394 5691 et
2438 5636 2514 5691 ut
2558 5624 2850 5713 relegati
2894 5637 3403 5692 reverterentur
3463 5623 3533 5689 in
3592 5624 3904 5711 patriam,
3966 5645 4051 5691 ac
4114 5622 4324 5689 etiam
4369 5622 4558 5710 quod

827 5723 1174 5819 Jullianus
1218 5742 1287 5798 et
1331 5729 1744 5797 Laurentius
1790 5732 2040 5798 fratres
2085 5732 2173 5798 de
2218 5731 2526 5799 Medicis
2572 5733 3110 5819 deponerentur,
3159 5752 3449 5818 quorum
3500 5730 3793 5798 consilio
3840 5741 3911 5798 et
3959 5728 4370 5798 auctoritate
4417 5741 4561 5796 tota

831 5836 1227 5923 respublica
1273 5836 1677 5905 Florentina
1722 5836 2238 5926 gubernabatur
2280 5850 2352 5904 et
2395 5850 2473 5905 ut
2517 5838 2651 5926 ipsi
2680 5837 3063 5908 Florentini
3109 5859 3181 5905 se
3227 5841 3577 5906 solverent
3606 5859 3650 5903 a
3682 5837 4124 5960 colligatione
4156 5850 4369 5905 status
4400 5834 4556 5903 Me-

841 5943 1131 6024 diolani,
1177 5944 1607 6011 Venetorum
1652 5957 1722 6012 et
1766 5944 1948 6034 regis
1991 5946 2314 6013 Francie.
2407 5945 2761 6034 Dictoque
2796 5945 2914 6013 die
2943 5946 3281 6035 vigesimo
3315 5958 3511 6014 sexto
3544 5943 3812 6033 aprillis
3858 5943 3931 6010 in
3962 5963 4184 6025 mane,
4219 5945 4382 6011 dum
4413 5943 4559 6011 cel·
4607 5941 4693 6010 50

4817 36 4840 333 l

4807 412 4844 577 ἵ
4856 440 4858 445 4
