4895 7066
331 755 595 831 comitis
636 762 950 854 Angelli,
1001 779 1307 834 castrum
1350 765 1619 832 Nuceti.
1708 764 1920 833 Cuius
1963 763 2324 851 responsio
2371 764 2524 843 fuit,
2571 764 2761 851 quod
2807 763 2992 830 infra
3034 775 3195 831 octo
3258 764 3407 831 dies
3452 763 3598 830 eius
3641 781 4044 850 responsum

333 868 814 959 intelligerent,
846 874 1180 962 venitque
1204 873 1545 940 Nucetum
1576 885 1646 939 et
1674 870 1897 958 ipsum
1919 869 2238 960 gentibus
2267 870 2359 937 ad
2391 871 2868 938 defensionem
2898 869 3214 958 replevit,
3244 890 3331 938 ac
3363 868 3513 957 alijs
3542 866 4050 936 munitionibus.

334 975 663 1044 Similiter
707 980 916 1047 etiam
964 980 1252 1047 munivit
1297 977 2006 1057 Rochambhncham,
2038 997 2124 1045 ac
2158 977 2488 1046 Sanctum
2535 976 2955 1044 Secundum.
3047 977 3183 1043 Hic
3228 976 3408 1043 enim
3451 976 3806 1065 Johannes
3852 971 4058 1054 Quil-

335 1080 528 1161 licus,
575 1084 745 1151 alias
789 1086 1117 1153 millitans
1161 1085 1256 1153 ad
1300 1084 1643 1172 stipendia
1703 1084 2281 1163 Florentinorum,
2344 1083 2758 1171 stipendium
2819 1106 2864 1149 a
2923 1095 3103 1152 statu
3161 1081 3544 1150 Mediolani
3594 1080 3925 1168 suscepit3
3985 1089 4056 1147 et

257 1184 293 1250 5
334 1187 506 1274 ipse,
556 1209 640 1256 ac
688 1191 867 1258 filius
910 1192 1262 1279 quondam
1306 1190 1562 1258 domini
1610 1189 1937 1279 Nicollay
1983 1189 2072 1256 de
2120 1189 2452 1276 Scipiono
2486 1190 2656 1257 duas
2686 1200 3133 1277 susceperunt
3163 1208 3436 1256 sorores
3465 1186 3779 1278 Reginus
3809 1208 3897 1254 ex
3926 1205 4052 1253 no—

336 1294 585 1362 bilibus
631 1298 723 1364 de
770 1298 1113 1388 Boyardis
1157 1298 1244 1365 de
1293 1297 1708 1366 Scaudiauo,
1799 1297 1890 1363 Et
1937 1296 2260 1385 quoniam
2307 1308 2602 1364 castrum
2648 1297 2869 1383 ipsum
2913 1317 3053 1362 una
3096 1308 3304 1363 nocte
3363 1306 3676 1381 tempore
3723 1291 4058 1361 libertatis

334 1401 588 1469 Parme
616 1405 762 1495 jam
806 1406 1001 1471 annis
1046 1405 1342 1493 trigenta
1385 1404 1619 1483 tribus,
1664 1404 1795 1491 ipsi
1842 1404 2076 1470 comiti
2121 1401 2397 1492 Angelo
2447 1416 2724 1490 captum
2770 1403 2899 1470 fuit
2944 1424 3072 1490 per
3120 1404 3402 1469 fratrem
3447 1400 3875 1470 Rollandum
3904 1399 4056 1466 Ru-

341 1506 545 1574 beum
592 1510 878 1577 militem
922 1511 1568 1600 jerosolimitanum,
1616 1511 1731 1576 hic
1776 1510 2133 1598 Johannes
2181 1507 2526 1587 Quillicus
2569 1520 2804 1596 sperat
2846 1508 3017 1577 illud
3063 1507 3423 1576 rehabere.

517 1613 876 1692 Quoniam
918 1618 1323 1707 magnificus
1369 1617 1685 1683 dominus
1727 1616 2190 1684 Petrusmaria
2222 1616 2313 1683 de
2360 1615 2627 1683 Rubeis
2670 1616 3012 1683 recusavit
3057 1615 3225 1683 dare
3273 1628 3466 1683 taxas
3494 1615 3566 1681 in
3598 1613 3900 1684 dominio
3930 1633 4054 1682 suo

236 1724 303 1788 10
342 1721 665 1810 gentibus
711 1723 1117 1803 ducallibus‚
1163 1746 1296 1791 nec
1342 1724 1558 1791 voluit
1602 1724 1957 1810 deponere
2003 1723 2393 1789 comitivam
2423 1745 2616 1789 suam
2645 1722 3137 1811 armigerorum
3170 1735 3466 1802 centum,
3501 1743 3656 1789 cum
3687 1722 3821 1789 hec
3852 1720 3984 1790 sibi
4013 1741 4058 1786 a

342 1841 525 1896 statu
570 1829 959 1898 Mediolani
1003 1831 1535 1919 requirerentur,
1582 1830 1912 1917 scriptum
1954 1829 2087 1896 fuit
2128 1828 2250 1909 illi,
2296 1829 2487 1917 quod
2531 1829 2752 1896 mittat
2780 1828 3254 1896 Mediolanum
3285 1828 3634 1897 dominum
3666 1829 4054 1896 Guidonem

342 1933 671 2002 Rubeum
716 1937 929 2003 filium
974 1959 1190 2016 suum,
1237 1937 1355 2025 qui
1401 1938 1605 2004 etiam
1664 1937 1804 2003 hoc
1864 1936 2109 2003 nolluit
2160 1936 2435 2014 facere;
2486 1947 2556 2002 et
2601 1933 2692 2002 ob
2736 1936 2874 2002 hec
2933 1935 3218 2002 multum
3280 1934 3646 2015 dubitatur,
3708 1955 3796 2002 ne
3851 1944 4064 2002 status

343 2041 704 2127 predictus
748 2042 847 2108 illi
892 2063 1212 2132 guerram
1257 2043 1495 2123 faciat,
1543 2063 1757 2130 seque
1805 2042 2058 2131 optime
2103 2041 2390 2108 munivit
2433 2042 2528 2108 ad
2573 2040 3049 2109 defensionem
3097 2041 3233 2108 hoe
3279 2063 3516 2109 mense
3562 2062 3741 2131 may.

518 2149 657 2215 Die
704 2148 892 2237 xxiij.
937 2171 1099 2239 may
1142 2150 1394 2237 scripte
1442 2161 1598 2217 sunt
1660 2149 1883 2216 littere
1930 2170 1975 2215 a
2017 2161 2196 2216 statu
2240 2147 2623 2216 Mediolani
2671 2148 3133 2217 commissario
3179 2146 3447 2229 Parme,
3494 2149 3683 2236 quod
3724 2169 3801 2216 se
3845 2147 4065 2214 infor-

233 2252 297 2318 15
338 2266 481 2321 met
529 2268 602 2321 et
647 2257 934 2336 referat,
966 2257 1023 2323 si
1052 2256 1406 2344 prefectus
1448 2255 1852 2345 magnificus
1896 2255 2212 2322 dominus
2242 2253 2700 2321 Petrusmaria
2737 2254 3004 2322 fulcivit
3034 2254 3129 2321 ad
3158 2254 3633 2322 defensionem
3668 2266 3892 2322 castra
3921 2275 4065 2333 sua,

340 2373 412 2426 et
454 2361 513 2428 si
562 2374 672 2428 est
716 2385 957 2430 verum
1002 2364 1192 2450 quod
1235 2363 1449 2430 faciat
1493 2385 1702 2429 unum
1749 2362 2145 2429 fortilicium
2190 2363 2261 2428 in
2308 2362 2468 2428 loco
2514 2362 2604 2429 de
2653 2361 3052 2451 Segallaria.

518 2468 680 2535 Hac
726 2470 933 2536 etiam
981 2470 1094 2536 die
1142 2470 1395 2557 scripte
1442 2483 1601 2536 sunt
1646 2469 1869 2537 littere
1918 2490 2007 2534 ex
2052 2468 2398 2556 Neapolli‚
2446 2468 2764 2555 qualliter
2810 2468 2952 2534 dux
2994 2467 3318 2537 Calabrie
3381 2468 3736 2536 occiderat
3794 2479 4067 2535 trecen-

339 2586 481 2640 tum
527 2575 859 2644 Turchos
904 2589 976 2642 et
1019 2576 1175 2662 plus
1218 2589 1495 2643 centum
1541 2587 1826 2662 ceperat
1871 2596 1958 2641 ex
2005 2573 2447 2642 existentibus
2491 2575 2562 2640 in
2609 2574 2962 2653 Odront03
3011 2587 3081 2642 et
3125 2575 3258 2642 illis
3290 2587 3516 2642 castra
3544 2586 3916 2663 posuerat·

518 2681 886 2771 vigesimo
932 2695 1177 2771 quarto
1221 2704 1383 2772 may
1428 2683 1620 2749 facta
1678 2681 1810 2748 fuit
1871 2681 2066 2748 crida
2108 2680 2387 2768 publica
2431 2681 2504 2747 in
2551 2681 2965 2770 exequtione
3014 2681 3387 2749 litterarum
3448 2681 3820 2749 ducallium
3862 2693 4061 2770 parte

218 2788 297 2853 20
334 2787 608 2854 domini
670 2788 1149 2877 gubernatoris
1206 2789 1478 2869 Parme,
1538 2789 1728 2877 quod
1786 2788 2011 2858 nullus
2084 2787 2335 2855 audeat
2394 2787 2729 2874 impedire
2800 2788 3241 2856 executiones
3300 2788 3689 2856 officialium
3748 2790 3819 2855 in
3877 2808 4062 2876 pena

334 2896 751 2963 fin-charum
798 2909 870 2964 et
910 2897 1420 2963 confiscationis
1465 2895 1837 2973 bonorum3
1872 2907 1943 2962 et
1973 2896 2111 2961 hoc
2157 2895 2483 2983 quoniam
2514 2917 2558 2962 a
2587 2895 2902 2982 capistris
2931 2895 3374 2962 executiones
3403 2895 3684 2983 impune
3714 2915 3856 2963 non
3884 2895 4067 2962 sine-

338 3001 596 3070 bantur
642 3003 796 3069 fieri
826 3015 899 3070 et
926 3003 1154 3070 nullus
1198 3002 1504 3070 officialis
1547 3001 1847 3071 audebat
1890 3002 2190 3090 aliquem
2237 3002 2777 3080 malefactorem,
2825 3015 2941 3069 aut
2974 3001 3358 3069 debitorem
3394 3022 3667 3090 capere,
3713 3003 3879 3091 quin
3905 3019 4070 3091 ymo

336 3110 799 3194 provisionati
843 3122 913 3176 et
957 3107 1295 3197 berovarij
1342 3108 1901 3197 percutiebantur
1946 3121 2013 3175 et
2063 3107 2596 3186 occidebantur3
2647 3122 2717 3175 et
2761 3108 3068 3175 similiter
3113 3109 3303 3197 quod
3331 3108 3556 3176 nullus
3601 3130 3793 3175 arma
3816 3119 4068 3196 portet.

520 3215 740 3284 Circa
782 3216 1086 3283 medium
1130 3216 1328 3284 huius
1370 3216 1625 3286 mensis
1668 3215 1874 3303 madii
1937 3215 2069 3282 fuit
2126 3215 2458 3282 maximus
2502 3227 2574 3282 et
2619 3214 2961 3282 inauditus
3006 3226 3414 3283 terremotus
3458 3215 3530 3281 in
3571 3214 3882 3304 partibus
3929 3215 4072 3281 Lu·
4117 3211 4123 3219 ’

208 3320 291 3386 25
336 3341 603 3389 nesane
654 3334 727 3388 et
771 3322 1101 3409 precipue
1148 3323 1221 3389 in
1265 3335 1447 3390 terra
1493 3322 1819 3402 Fivizani,
1865 3320 1983 3388 ubi
2027 3334 2432 3388 corruerunt
2491 3322 2735 3389 domus
2796 3321 3042 3388 decem
3105 3334 3371 3409 septem
3422 3343 3638 3411 usque
3685 3323 3776 3389 ad
3820 3322 4074 3389 fonda-

336 3440 580 3495 menta
627 3439 702 3496 et
750 3448 988 3496 omnes
1030 3429 1166 3496 alie
1209 3429 1454 3496 domus
1499 3441 1737 3516 aperte
1784 3441 1958 3507 sunt,
2005 3427 2124 3495 ubi
2168 3427 2364 3495 multi
2422 3428 2674 3496 mortui
2732 3440 2921 3506 sunt3
2970 3440 3041 3496 et
3083 3428 3330 3516 reliqui
3374 3429 3731 3496 exiverunt
3777 3440 4074 3496 castrum

340 3549 415 3602 et
460 3536 736 3617 domos,
783 3535 1172 3604 habitantes
1222 3538 1291 3603 in
1337 3537 1619 3624 campis.
1710 3537 1801 3603 Et
1844 3536 1960 3603 hic
2021 3548 2428 3603 terremotus
2472 3537 2545 3602 in
2589 3536 2777 3602 horis
2819 3535 3062 3625 viginti
3119 3548 3410 3624 quatuor
3458 3535 3724 3605 vicibus
3767 3535 4076 3603 sedecim
4175 3582 4182 3587 -

336 3642 691 3730 apparuit.
784 3644 876 3710 Et
918 3643 1020 3712 sic
1066 3644 1137 3709 in
1183 3644 1355 3710 locis
1400 3643 1541 3709 illic
1586 3643 1829 3710 vicinis
1871 3643 1946 3709 id
1991 3644 2175 3709 idem
2221 3643 2371 3710 fuit.

525 3748 739 3836 Capti
783 3762 941 3816 sunt
986 3771 1029 3815 a
1074 3749 1254 3816 duce
1299 3748 1669 3830 Callabrie,
1731 3748 1848 3837 qui
1909 3762 2133 3819 castra
2190 3749 2420 3836 posuit
2481 3749 2730 3817 Turcis
2789 3748 2862 3815 in
2919 3748 3240 3817 Odronta
3288 3748 3610 3836 Apullee,
3674 3750 3812 3819 duo
3872 3768 4074 3838 gara-

204 3857 296 3923 30
346 3856 535 3923 velle
582 3856 1049 3936 Turchorum,
1096 3877 1384 3944 quorum
1431 3855 1643 3944 aliqui
1689 3855 1932 3923 curlati
1979 3857 2488 3936 confessisunt,
2522 3856 2711 3944 quod
2760 3875 2891 3944 pro
2946 3856 3084 3923 hoc
3132 3876 3313 3923 anno
3365 3857 3685 3923 Turchus
3728 3875 3880 3923 non
3917 3874 4073 3921 suc-

338 3975 584 4030 cmret
630 3962 931 4030 Turchis
975 3962 1474 4049 occupantibus
1518 3964 1894 4043 Idrontum‚
1940 3983 2073 4030 nec
2121 3961 2243 4030 ibit
2287 3963 2593 4042 Rodum,
2641 3963 2966 4051 quoniam
2995 3963 3490 4053 primogenitus
3534 3963 3744 4051 ipsius
3787 3960 4075 4041 Turchi,

345 4088 571 4157 gener
617 4067 1042 4148 Carramani,
1088 4068 1267 4155 patri
1310 4067 1671 4136 rebellavit
1701 4082 1771 4136 et
1803 4068 2071 4135 adhesit
2115 4069 2303 4135 dicto
2350 4068 2774 4136 Carramano
2821 4088 2977 4136 com
3025 4069 3481 4156 occupatione
3525 4067 3819 4135 maxime
3864 4066 4079 4155 partis

344 4175 580 4264 regni3
636 4187 706 4242 et
748 4175 885 4241 hoc
930 4175 1093 4263 quia
1137 4175 1320 4242 idem
1366 4176 1687 4242 Turchus
1731 4175 2011 4243 volebat
2068 4175 2290 4263 ipsum
2348 4196 2546 4242 suum
2605 4175 3134 4265 primogenitum
3191 4175 3467 4264 privare
3522 4175 3846 4242 dominio.
3938 4172 4075 4239 Hic

348 4282 537 4347 enim
584 4281 730 4347 dux
772 4279 1119 4349 Callabrie
1166 4282 1355 4349 vices
1397 4281 1699 4349 Turchis
1740 4282 2065 4362 reddens,
2113 4293 2451 4371 quotquot
2493 4282 2701 4368 capit,
2748 4301 2871 4354 eos
2914 4282 3116 4369 pallis
3157 4301 3352 4348 more
3381 4280 3820 4348 Turchorum
3864 4278 4076 4369 affigit

202 4388 295 4454 35
348 4399 423 4454 et
466 4387 682 4453 malle
728 4400 997 4455 tractat.

534 4492 804 4570 Quinto
848 4495 1181 4583 vigesimo
1228 4517 1390 4586 may
1442 4497 1601 4563 1481
1655 4497 1910 4583 scripte
1973 4509 2128 4564 sunt
2175 4496 2397 4563 littere
2449 4518 2537 4562 ex
2583 4493 2988 4564 Mediolano
3035 4518 3079 4563 a
3121 4509 3300 4565 statu
3358 4496 3676 4587 gentibus
3722 4494 4076 4584 armigeris

346 4601 421 4667 in
467 4600 851 4680 Parmensi,
900 4602 1088 4688 quod
1131 4603 1390 4670 vadant
1432 4602 1718 4689 Papiam
1767 4623 1921 4670 com
1969 4603 2192 4682 armis,
2241 4603 2554 4693 cariazijs
2600 4615 2671 4671 et
2715 4603 2911 4692 equis
2951 4604 3047 4671 ad
3091 4617 3463 4672 monstram
3521 4602 3617 4670 ibi
3659 4603 4079 4682 faciendam,

349 4705 693 4793 pecunias
737 4706 1054 4775 habiture
1100 4721 1170 4775 et
1214 4709 1597 4796 equitature
1641 4708 1760 4777 ubi
1806 4708 2247 4778 ordinabitur.

531 4813 672 4879 Die
717 4813 1049 4903 vigesimo
1094 4827 1344 4883 octavo
1389 4837 1549 4906 may
1593 4815 1849 4903 scripte
1896 4827 2049 4885 sunt
2092 4817 2319 4885 littere
2368 4839 2455 4883 ex
2500 4815 2906 4884 Mediolano
2954 4817 3293 4901 Parmam,
3339 4818 3659 4907 qualliter
3703 4815 4070 4885 illustrissi-

212 4922 306 4985 40
351 4941 508 4987 mus
556 4919 877 4988 dominus
919 4932 1152 4989 noster
1197 4922 1474 4990 omnino
1520 4921 1800 4990 volebat
1842 4945 1888 4991 a
1930 4924 2347 4991 comunitate
2392 4925 2646 4991 Parme
2680 4926 2971 4993 ducatos
3029 4926 3168 4993 duo
3215 4926 3402 4993 mille
3447 4926 3584 4995 hoc
3632 4945 3813 4992 anno
3845 4935 3917 4992 et
3944 4935 4079 4991 tot-

350 5027 573 5093 tidem
622 5047 803 5094 anno
848 5028 1083 5096 futuro
1125 5048 1256 5116 pro
1301 5028 1605 5097 subsidio
1653 5030 1886 5096 dando
1932 5031 2083 5118 regi
2126 5030 2572 5097 Ferdinando
2620 5043 2861 5098 contra
2904 5032 3226 5100 Turchos
3272 5032 3641 5100 existentes
3667 5031 3741 5097 in
3770 5030 4076 5118 Apulea:

352 5132 448 5200 ob
497 5132 691 5220 quod
735 5133 963 5220 sepius
1013 5134 1269 5201 antiani
1332 5155 1491 5203 com
1551 5135 1908 5227 credentia
1964 5136 2328 5204 multorum
2392 5136 2642 5204 civium
2702 5151 3087 5205 convocata
3145 5139 3277 5206 fuit
3337 5151 3407 5205 et
3466 5139 3747 5205 tandem
3796 5138 4081 5205 conclu-

350 5261 506 5307 sum
557 5250 663 5306 est
707 5239 874 5306 dare
921 5240 1061 5307 duo
1104 5241 1294 5308 mille
1340 5262 1588 5310 amcos
1633 5241 1938 5310 ultimate
1968 5255 2042 5311 et
2069 5264 2198 5330 pro
2244 5256 2583 5331 perpetuo
2613 5243 2931 5322 amentio,
2977 5245 3422 5314 redimendos
3452 5266 3581 5333 per
3625 5258 3911 5334 agentes
3953 5246 4083 5313 du-

352 5346 555 5413 callis
605 5365 879 5412 camere
924 5347 995 5411 in
1040 5347 1351 5415 districtu
1395 5348 1485 5416 ab
1531 5348 2010 5417 obedientibus
2055 5361 2126 5417 et
2170 5350 2506 5437 exemptis
2566 5369 2695 5438 pro
2759 5349 3021 5419 duabus
3065 5351 3372 5439 partibus
3430 5374 3521 5420 ex
3577 5350 3793 5419 tribus
3836 5363 3909 5419 et
3949 5372 4081 5441 pro

220 5452 306 5519 45
354 5452 565 5521 tertio
611 5452 684 5518 in
732 5452 1034 5520 civitate:
1084 5455 1174 5521 ad
1221 5456 1409 5543 quod
1455 5456 1677 5525 omnis
1718 5456 2017 5543 populus
2060 5457 2427 5525 consensit.
3993 5528 3999 5534 .

532 5558 667 5625 Die
714 5560 1179 5647 suprascripta
1219 5562 1411 5629 facta
1452 5562 1587 5629 fuit
1641 5582 1873 5631 coram
1940 5563 2220 5632 domino
2283 5563 2748 5631 commissario
2794 5564 2866 5631 in
2908 5563 3191 5652 pallatio
3237 5587 3361 5634 suo
3403 5586 3658 5656 magna
3711 5567 3860 5633 rixa
3903 5566 4084 5634 inter

350 5667 711 5737 dominum
754 5667 1180 5756 Jeronimum
1225 5669 1626 5739 Bernerium
1672 5681 1881 5757 caput
1922 5660 2406 5759 gibellinorum
2455 5671 2526 5736 in
2570 5671 2821 5739 Parma
2850 5692 2939 5739 ex
2967 5694 3106 5740 una
3135 5685 3207 5740 et
3231 5673 3657 5761 Jeronimum
3701 5671 4082 5742 Cribellum

350 5776 448 5843 de
491 5788 692 5863 parte
735 5775 999 5847 Rubea
1038 5794 1130 5842 ex
1158 5775 1293 5844 alia
1318 5797 1448 5865 pro
1482 5777 1687 5847 certis
1706 5777 1943 5847 bladis
1987 5776 2058 5847 in
2098 5784 2275 5868 ‚agro
2316 5777 2680 5847 Parmensi
2724 5778 3177 5848 damnificatis
3217 5801 3347 5869 per
3389 5779 3613 5868 ipsum
3649 5779 4081 5871 Jeronimum

524 6054 613 6112 34.
650 6039 927 6108 reddens]
965 6039 1236 6095 reddente
1272 6041 1386 6095 cod.
1428 6066 1494 6081 —
1536 6050 1621 6107 45.
1649 6039 1825 6109 quod]
1851 6043 1992 6109 quot
2017 6042 2132 6094 cod.

4213 2806 4365 2857 Mun..
4394 2804 4477 2848 ³73
