4895 7066
465 4311 517 4351 M
524 4321 550 4351 υ

531 1546 572 1577 c.
601 1545 719 1585 ‚nv

535 3893 725 3934 (0557

560 4321 629 4358 ιι..
657 4310 734 4351 315

869 492 964 569 52
2158 488 2636 568 CRONICA
2696 491 3279 566 GESTORUM
3665 431 3670 435 ἡ
3756 505 3860 575 [Α.
3904 509 4067 562 1479
4105 505 4581 578 giugno-iugno]

866 651 1913 661 Μ--ΜΜ-Μωυ
1917 649 3463 660 mmmmmm-mfflffl

862 764 996 848 que
1043 758 1275 829 dictus
1319 766 1442 828 fex
1485 762 1785 827 mitteret
1831 760 2021 827 dicto
2068 760 2212 828 filio
2257 774 2381 827 sno
2427 756 2500 824 in
2546 760 2791 826 castris
2835 759 3078 826 decem
3110 770 3181 825 et
3213 771 3376 827 octo
3408 759 3598 826 mille
3632 764 3882 826 aureos·
3927 766 4082 827 com
4115 766 4347 826 ‘scorta
4378 758 4582 847 quin-

861 875 1190 966 quaginta
1234 876 1589 964 equorum,
1637 876 1773 941 hoc
1818 874 2127 942 sentiens
2174 875 2401 942 dictus
2450 874 2773 942 dominus
2816 874 3173 941 Robertus
3215 874 3607 953 Malatesta,
3656 872 3842 962 cepit
3888 874 4212 942 denarios
4255 886 4327 942 et
4387 875 4583 941 scor·

867 995 1009 1048 tam
1055 982 1128 1047 in
1176 983 1441 1050 itinere.

1043 1084 1225 1154 Dum·
1273 1090 1455 1156 enim
1502 1090 1762 1158 domini
1821 1090 1963 1156 dux
2023 1089 2312 1156 Ferarie
2358 1101 2429 1157 et
2475 1090 2790 1157 marchio
2854 1084 3142 1155 Mantue
3192 1086 3567 1156 existentes
3628 1088 3699 1153 in
3759 1090 3932 1176 ag'ro
3992 1087 4400 1154 Florentino
4464 1110 4585 1153 ve-

864 1190 1006 1260 leiit
1052 1194 1280 1261 castra
1323 1206 1586 1282 ponere
1634 1180 1726 1263 ad
1771 1202 1967 1263 certa
2011 1196 2169 1263 loca
2218 1195 2650 1274 Senensium,
2713 1214 2921 1262 sceva
2978 1197 3193 1280 pestis
3253 1196 3520 1282 incepit
3581 1195 3819 1284 vigere
3866 1195 3936 1261 in
3997 1195 4164 1281 ipsis
4225 1194 4474 1261 castris
4519 1206 4591 1261 et
4677 1192 4720 1258 5

866 1301 1073 1367 etiatii
1120 1300 1193 1367 in
1241 1302 1487 1369 castris
1533 1302 1708 1369 dicti
1753 1304 1938 1391 regis
1987 1314 2056 1370 et
2100 1302 2443 1382 Ecclesie,
2493 1303 2672 1368 adeo
2718 1303 2907 1390 quod
2952 1303 3146 1368 multi
3194 1320 3266 1369 se
3314 1301 3793 1379 absentabant‚
3840 1313 4206 1390 castraque
4235 1303 4389 1388 ipsa
4421 1301 4589 1369 Flo-

864 1408 1292 1476 rentinorum
1340 1423 1409 1477 et
1452 1410 1891 1477 inimicorum
1940 1410 2028 1477 ab
2074 1410 2375 1476 invicem
2423 1407 2515 1476 ob
2562 1409 2823 1475 dictam
2867 1422 3134 1496 pestem
3180 1418 3255 1474 s'e
3285 1409 3878 1498 dislongaverunt,
3925 1428 4363 1496 summusque
4406 1426 4594 1495 pon-

871 1512 1052 1579 tifex
1093 1515 1298 1606 petijt
1342 1538 1385 1582 a
1430 1517 1858 1584 Florentinis
1904 1528 2216 1605 treugam
2261 1515 2593 1583 mensium
2639 1536 2780 1594 sex,-
2825 1514 3032 1603 q‘uam
3065 1514 3333 1582 facere'
3364 1515 3779 1592 nolluerunt,
3826 1527 4217 1581 asserentes
4259 1515 4397 1582 hoc
4445 1536 4591 1583 non

863 1628 1013 1686 esse
1061 1620 1132 1686 in
1180 1643 1419 1690 eorum
1464 1634 1809 1710 potestate
1857 1635 1928 1689 et
1971 1622 2288 1689 advisare
2333 1623 2489 1689 vele
2535 1622 2725 1709 prius
2789 1623 3107 1690 dominos
3152 1623 3467 1689 Venetos
3514 1632 3584 1688 et
3628 1630 3876 1688 statum
3936 1620 4327 1688 Mediolani
4385 1622 4592 1687 colli-

871 1726 1070 1815 gatos
1114 1748 1294 1797 suos.
4644 1726 4728 1793 10

1052 1834 1132 1900 In
1163 1835 1299 1901 fine
1333 1835 1502 1902 dicti
1534 1836 1791 1903 mensis
1820 1836 1990 1927 junij
2038 1834 2205 1906 1479
2238 1836 2562 1903 dominus
2592 1835 2949 1902 Robertus
2980 1855 3067 1902 ex
3100 1834 3362 1902 Sancto
3396 1834 3732 1902 Severino
3764 1850 3921 1901 com
3952 1835 4237 1901 domino
4284 1832 4591 1902 Obiecto

883 1941 974 2007 de
1021 1941 1254 2008 Flisco
1301 1954 1529 2009 castra
1571 1944 1804 2030 posuit
1850 1943 1997 2009 arci
2041 1943 2451 2009 Montanani
2498 1943 2681 2009 ultra
2725 1954 2991 2009 montes
3052 1962 3272 2028 prope
3334 1941 3688 2008 Varisium
3750 1940 3824 2005 in
3884 1941 4212 2029 januensi
4276 1961 4448 2030 agro
4494 1942 4594 2007 ad

871 2048 1171 2114 confinia
1216 2046 1633 2129 Placentini,-
1676 2062 1753 2116 ut
1797 2049 2095 2117 habilius
2136 2056 2419 2137 possent
2464 2048 2638 2116 citra
2682 2051 2875 2136 alpes
2919 2049 3284 2115 transitum
3330 2049 3591 2115 facere.

1047 2154 1258 2221 Circa
1305 2156 1672 2222 dimidium
1714 2155 1865 2247 julij
1915 2156 2079 2222 anni
2137 2156 2485 2243 presentis
2546 2157 2831 2223 ob'tenta
2891 2152 3030 2222 fnit
3089 2156 3305 2222 rocha
3351 2154 3667 2242 predicta
3719 2154 4130 2223 Montanani
4175 2178 4307 2243 per
4366 2156 4594 2223 domi-

871 2260 1034 2326 num
1078 2260 1464 2329 Robertufii
1498 2262 1588 2329 de
1622 2262 1881 2331 Sancto
1915 2263 2255 2330 Severino
2304 2274 2374 2329 et
2422 2263 2772 2329 dominum
2807 2261 3179 2329 Obiectum
3225 2262 3314 2328 de
3360 2264 3419 2330 F
3420 2261 3596 2329 lisco
3641 2282 3728 2329 ex
3771 2263 4058 2329 acordio
4104 2276 4176 2329 et
4217 2264 4313 2331 ad
4356 2274 4594 2349 pacta,
4652 2260 4730 2325 15

871 2369 1078 2433 salvis
1121 2368 1324 2435 bonis
1370 2381 1439 2436 et
1484 2371 1799 2456 personis
1843 2371 2278 2437 existentium
2322 2370 2398 2434 in
2447 2370 2635 2435 dicta
2680 2369 2914 2435 rocha.
3010 2366 3174 2445 Qua
3217 2369 3456 2436 habita
3500 2369 4000 2436 ordinaverunt
4030 2371 4271 2436 venire
4325 2370 4417 2435 ad
4475 2388 4597 2435 ca-

873 2476 1087 2541 strum
1149 2475 1365 2563 Burgi
1427 2474 1653 2543 Vallis
1710 2477 2032 2556 Taronis,
2094 2477 2284 2565 quod
2346 2476 2437 2542 ad
2483 2492 2557 2542 se
2602 2480 2916 2561 spectare
2975 2476 3216 2542 asserit
3279 2475 3597 2542 dominus
3641 2474 3978 2542 Obiectus
4024 2488 4096 2542 et
4138 2486 4417 2543 tenetur
4463 2497 4598 2562 pro

871 2576 1051 2648 statu
1099 2582 1352 2650 ducali.
1443 2581 1562 2649 Ad
1607 2584 1801 2649 cuius
1849 2584 2332 2650 defensionem
2396 2583 2587 2649 ivere
2649 2580 3188 2649 innumerabiles
3247 2602 3544 2669 persone
3606 2583 3949 2669 armigere
4010 2593 4152 2648 tam
4214 2595 4596 2670 equestres,

877 2711 1082 2777 quam
1127 2690 1488 2776 pedestres
1532 2712 1660 2778 pro
1707 2703 1888 2757 statu
1932 2688 2348 2757 Mediolani.

1048 2797 1132 2862 In
1175 2797 1315 2863 hoc
1362 2804 1673 2883 tempore
1722 2796 1812 2865 ob
1857 2808 2124 2884 pestem
2170 2797 2597 2864 scevientem
2629 2799 2699 2863 in
2734 2796 2976 2864 castris
3008 2796 3431 2864 Florentinis
3462 2797 3552 2863 ad
3597 2808 3902 2863 montem
3946 2797 4404 2883 Imperialem,
4453 2797 4604 2864 dux
4652 2801 4740 2861 20

876 2900 1218 2970 Hercules
1263 2902 1456 2970 illinc
1503 2905 1786 2971 recessit
1831 2916 1901 2971 et
1945 2904 2138 2970 venit
2184 2904 2254 2968 in
2303 2905 2755 2992 Grafagnana
2799 2904 2979 2969 ultra
3025 2914 3096 2969 et
3139 2899 3360 2990 prope
3409 2905 3605 2990 alpes
3647 2904 3720 2968 in
3764 2922 3935 2992 agro
3979 2903 4291 2983 Lucano,
4325 2905 4453 2971 sed
4488 2907 4600 2971 in-

875 3010 1176 3075 mediate
1240 3014 1705 3098 retrogressus
1767 3022 1871 3076 est
1914 3012 1986 3077 in
2035 3016 2203 3099 agro
2265 3009 2585 3088 Senensi,
2647 3009 2770 3077 ubi
2835 3010 3024 3095 cepit
3084 3008 3504 3077 Senensibus
3565 3010 3695 3075 tria
3755 3020 4006 3088 castra,
4069 3010 4295 3077 silicet
4338 3011 4597 3089 Insule,

880 3112 1139 3183 Montis
1184 3116 1490 3206 Regioni
1535 3128 1604 3183 et
1647 3115 1971 3194 Abbatie,
2018 3120 2154 3204 que
2203 3116 2341 3183 duo
2389 3124 2611 3183 castra
2657 3117 2879 3203 prima
2939 3117 3413 3183 sacomanax'rit
3459 3127 3531 3183 et
3573 3115 3948 3182 Abbatiam
4009 3117 4102 3184 ad
4162 3129 4370 3202 pacta
4414 3116 4603 3184 obti-

877 3224 1048 3301 nuit,
1097 3223 1513 3290 distantibus
1559 3224 1876 3303 inimicis,
1922 3222 2148 3290 silicet
2193 3221 2516 3312 gentibus
2560 3244 2741 3310 pape
2790 3236 2860 3290 et
2906 3223 3088 3311 regis
3131 3245 3263 3310 per
3305 3222 3623 3289 milliaria
3653 3223 3968 3312 trigenta,
4012 3244 4101 3290 ac
4147 3224 4604 3291 existentibus

881 3328 1061 3395 ultra
1105 3330 1480 3397 Cortonam·
1527 3329 1598 3395 in
1644 3350 1815 3418 agro
1860 3327 2194 3395 Perusino
2240 3348 2464 3415 prope
2499 3330 2848 3416 quendam
2879 3330 3236 3417 padulum,
3269 3342 3339 3396 et
3371 3330 3547 3396 citra
3579 3329 4036 3396 existentibus
4082 3330 4370 3396 domino
4416 3353 4605 3396 mar-
4654 3332 4738 3395 25

880 3434 1136 3502 chione
1181 3437 1472 3503 Mantue
1520 3448 1590 3503 et
1638 3437 1920 3504 domino
1967 3435 2282 3503 Roberto
2329 3437 2421 3503 de
2466 3435 2822 3504 Arrin'iino
2872 3452 3025 3502 com
3072 3436 3397 3523 gentibus
3441 3438 3584 3503 suis
3636 3448 3876 3504 versus
3922 3433 4279 3503 Petusium
4293 3461 4313 3515 3
4363 3449 4434 3504 et
4497 3438 4599 3503 sic

885 3543 1451 3631 prosperantibus
1495 3543 1664 3642 ipsis
1712 3544 1983 3611 duobus
2029 3543 2451 3611 exercitibus
2496 3545 3078 3612 Florentinorum.
3170 3546 3509 3611 Dominus
3554 3564 3724 3612 vero
3784 3541 4140 3611 Robertu‘s
4200 3546 4291 3611 de
4336 3532 4607 3612 Sancto

891 3648 1246 3730 Severino,
1294 3650 1580 3718 obtento
1626 3650 2083 3728 Montanano,
2116 3670 2193 3716 se
2227 3651 2530 3716 firmavit
2576 3652 2651 3715 in
2697 3662 2934 3718 monte
2980 3651 3309 3718 altissimo
3342 3652 3637 3718 Centum
3685 3650 3991 3718 Crucum’
4039 3652 4245 3741 lo'nge
4277 3673 4320 3717 a
4365 3649 4607 3740 Burgo

880 3756 1102 3823 Vallis
1146 3757 1445 3825 Taronis
1489 3761 1619 3844 per
1664 3757 1962 3824 miliaria
2007 3768 2190 3823 octo,
2282 3757 2524 3823 Nostri
2572 3777 2740 3824 vero
2788 3772 3009 3843 prope
3056 3758 3365 3846 Burgum
3408 3758 3654 3845 ipsum.

1063 3865 1197 3930 Die
1244 3864 1581 3952 vigesimo
1627 3864 1831 3930 tertio
1876 3862 2053 3954 jullij
2088 3864 2262 3931 dicti
2296 3864 2462 3930 anni
2515 3862 2680 3934 1479
2730 3864 2871 3930 dux
2918 3864 3290 3944 Callabrie,
3323 3865 3440 3951 qui
3474 3875 3622 3930 erat
3665 3865 3735 3929 in
3782 3881 3950 3953 agro
3979 3865 4336 3945 Perusino,
4368 3876 4444 3933 ut
4477 3866 4608 3933 ob-
4660 3871 4747 3934 30

887 3979 1101 4037 staret
1147 3970 1428 4038 domino
1490 3971 1878 4036 marchioni
1940 3968 2235 4036 Mantue
2298 3982 2367 4036 et
2430 3971 2713 4036 domino
2774 3971 3091 4037 Roberto
3157 3973 3245 4037 de
3289 3969 3630 4050 Arimino,
3684 3971 3829 4037 illic
3879 3974 4603 4052 castramentantibuS,

882 4088 1170 4143 vocatus
1218 4097 1261 4142 a
1308 4075 1728 4144 Senensibus
1773 4078 1966 4142 venit
2015 4097 2169 4142 com
2216 4076 2544 4165 gentibus
2589 4077 2733 4142 suis
2777 4077 2849 4141 in
2894 4096 3066 4165 agro
3130 4077 3447 4156 Senensi,
3493 4089 3569 4143 ut
3616 4077 3931 4144 obviaret
3978 4077 4269 4156 damnis,
4316 4099 4454 4166 que
4503 4078 4606 4145 ibi

883 4163 1363 4251 inferebantur
1408 4195 1535 4268 p'er
1580 4184 1831 4248 ducem
1877 4183 2276 4249 Herculem.
2371 4180 2589 4259 Quod
2636 4183 2944 4288 sentiens
2988 4183 3175 4249 idem
3224 4184 3366 4247 dux
3425 4183 3770 4249 Hercules
3830 4195 4059 4249 castra
4105 4184 4257 4263 tria,
4327 4197 4461 4271 que
4531 4187 4608 4250 in

883 4292 1035 4376 ip'so
1097 4303 1267 4381 agro
1329 4290 1758 4368 obtinuerat,
1831 4290 2210 4370 comburit,
2280 4288 2786 4357 sa'comanavit'
2856 4299 2926 4356 et
2987 4292 3060 4356 in
3126 4301 3344 4356 totum
3418 4291 3829 4357 devastavit.
3922 4290 4198 4357 Deinde
4259 4292 4449 4359 venit
4513 4296 4609 4360 ad

882 4396 1195 4464 Motitem
1243 4397 1686 4484 Imperialem
1741 4397 1889 4485 agri
1951 4397 2357 4476 Florentini,
2420 4417 2637 4484 seque
2696 4397 2796 4463 ibi
2859 4399 3153 4463 firmavit
3212 4398 3285 4462 in
3349 4397 3507 4464 loco
3567 4398 3905 4464 tutissimo·
3968 4418 4124 4465 com
4177 4407 4353 4465 totto
4407 4417 4608 4465 exer-
4661 4403 4749 4467 35

887 4506 1030 4570 citu
1075 4523 1221 4571 suo.

1064 4610 1426 4700 Vigesimo
1473 4611 1767 4698 septimo
1815 4611 1928 4677 die
1978 4611 2149 4677 dicti
2195 4611 2450 4677 mensis
2507 4610 2678 4701 junij
2731 4609 3036 4698 Jacobus
3081 4612 3168 4677 de
3214 4609 3425 4676 Plaza
3472 4612 3562 4678 de
3609 4614 3912 4700 squadra
3958 4612 4384 4700 Corrigiensi
4430 4636 4612 4681 unus

888 4739 978 4784 ex
1026 4718 1389 4785 confinatis
1435 4716 1824 4784 Mediolani
1873 4718 2146 4803 aufugit
2193 4718 2281 4784 de
2330 4719 2611 4783 civitate
2657 4717 2907 4782 Parme
2954 4730 3024 4783 et
3054 4717 3144 4783 de
3178 4718 3486 4784 dominio
3519 4719 3774 4797 ducali,
3806 4741 3963 4784 cum
4009 4718 4361 4786 habuisset
4389 4721 4614 4788 licen-

886 4824 1053 4889 tiam
1084 4824 1329 4890 ‘standi
1374 4824 1448 4888 in
1495 4807 1747 4889 Parma
1793 4824 2061 4890 duobus
2107 4823 2473 4903 mensibus,
2503 4834 2580 4888 ut
2610 4843 2720 4889 res
2763 4839 2922 4889 suas
2969 4835 3395 4909 componere
3426 4836 3678 4911 posset.
3770 4826 4068 4911 Duoque
4099 4826 4206 4891 sui
4237 4825 4388 4917 fillij
4421 4828 4615 4892 simi-

886 4931 1049 4997 liter
1093 4931 1515 5018 aufugerunt
1562 4938 1630 4996 et
1678 4931 1952 4996 iverunt
1997 4931 2090 4996 ad
2138 4930 2492 4996 dominum
2537 4929 2928 4998 Robertum
2979 4939 3050 4996 et
3096 4930 3451 4996 dominum
3500 4930 3868 4998 Obiectum
3929 4937 4175 5008 contra
4218 4935 4613 5019 proclama·
4667 4941 4756 5002 40

890 5038 1115 5102 tiones
1162 5047 1231 5103 et
1279 5037 1563 5103 ordines
1609 5038 1917 5104 ducales,

1065 5144 1330 5209 Eodem
1379 5161 1562 5209 anno
1618 5142 1808 5223 1479,
1856 5143 1937 5214 27
1985 5143 2158 5234 julij,
2208 5145 2350 5210 dux
2401 5144 2604 5209 Barri
2651 5144 2818 5210 olim
2882 5145 3103 5209 frater
3165 5144 3361 5210 ducis
3424 5143 3704 5223 Galeaz,
3768 5145 3891 5231 qui
3952 5159 4236 5231 ruperat
4306 5148 4618 5214 confines

886 5265 955 5317 et
997 5259 1283 5316 venerat
1328 5251 1399 5315 in
1451 5251 1707 5315 auxilio
1757 5251 2018 5316 domini
2052 5250 2352 5317 Roberti
2387 5262 2459 5317 et
2493 5251 2752 5316 domini
2783 5249 3083 5328 Obiecti,
3118 5250 3420 5316 existens
3450 5252 3524 5317 in·
3555 5250 3833 5317 Varisio
3865 5253 4046 5317 ultra
4077 5252 4293 5338 alpeS,
4325 5252 4617 5321 obtento

892 5379 1075 5424 anno
1119 5357 1436 5444 proxime
1484 5377 1685 5422 curso
1733 5365 1863 5442 per'
1920 5357 2308 5443 Johannem
2353 5354 2772 5422 Allovisium
2837 5358 2927 5423 de
2985 5356 3243 5436 Flisco,
3291 5357 3365 5421 in
3435 5367 3641 5424 nocte
3688 5367 4059 5444 oppressus
4104 5370 4347 5425 cataro
4407 5361 4617 5427 vitam

892 5463 1161 5529 finivit:
1211 5464 1402 5551 quod
1447 5463 1583 5529 fuit
1625 5463 1879 5527 malum
1926 5463 2322 5550 presagium
2369 5462 2621 5530 ceteris
2665 5462 2969 5528 inimicis
3000 5469 3221 5528 status
3266 5457 3677 5529 Mediolani.
4667 5468 4755 5534 45

1074 5571 1284 5637 Sexto
1332 5570 1607 5659 augusti
1662 5568 1827 5638 1479
1874 5582 2211 5636 venerunt
2256 5572 2332 5635 in
2381 5567 2666 5636 civitate
2710 5567 2959 5635 Parme
3029 5571 3117 5635 de
3186 5570 3567 5656 imp'ro‘viso
3613 5571 3912 5638 trecenti
3957 5572 4235 5658 pedites
4279 5571 4458 5640 bene
4504 5595 4618 5640 ar-

890 5679 1054 5743 mati
1087 5677 1271 5742 missi
1305 5699 1391 5743 ex
1421 5676 1826 5742 Mediolano
1859 5697 1987 5763 per
2017 5676 2508 5743 illustrissimos
2541 5676 2860 5742 dominos
2891 5686 3185 5754 nostros,
3217 5677 3335 5763 qui
3366 5676 3876 5766 allogiaverunt
3907 5698 4148 5745 omnes
4194 5679 4270 5744 in
4319 5677 4620 5746 circuitu

889 5785 1136 5870 platee.
1230 5784 1593 5849 Venerunt
1639 5802 1916 5869 quoque
1965 5782 2314 5871 quinginti
2363 5784 2548 5870 equi,
2598 5782 2842 5858 silicet,
2876 5792 3150 5847 centum
3196 5780 3445 5870 viginti
3493 5783 3798 5870 quinque
3844 5785 4169 5873 armigeri
4215 5786 4303 5850 de
4349 5787 4622 5853 familia

895 5891 1150 5967 ducali,
1198 5890 1317 5976 qui
1366 5888 1678 5974 allogiati
1726 5898 1884 5952 sunt
1931 5887 2005 5951 in
2050 5888 2339 5955 civitate
2389 5901 2458 5955 et
2505 5887 2596 5954 ad
2641 5887 3084 5966 monasteria,
3133 5888 3500 5954 videlicet:
3565 5890 3637 5958 in
3686 5887 3935 5976 Capite
3995 5883 4238 5957 Pontis
4281 5893 4354 5957 in
4404 5893 4618 5960 domo

896 5996 1277 6061 mansionis
1327 5995 1586 6062 domini
1632 5994 1869 6060 fratris
1914 5994 2222 6060 Rolandi
2271 5997 2361 6061 de
2408 5995 2696 6072 Rubeis‚
2744 5996 2816 6061 in
2865 5995 3073 6061 domo
3121 5994 3499 6061 mansionis
3565 5995 3799 6064 fratris
3862 5991 4296 6066 christofori
4343 5999 4436 6065 de
4484 6001 4623 6067 Za·
4674 6004 4761 6070 50
