4895 7066
509 710 549 742 c.
582 706 696 748 52?

440 2832 600 2880 Mun..
628 2831 710 2873 ³12

531 3162 573 3193 c.
602 3159 721 3199 52⁴0

540 5613 733 5654 6.,53Υ

844 412 942 487 50
2139 412 2615 487 CRONQICA
2678 412 3263 486 GESTORUM
3433 480 3440 487 .
3955 420 4058 493 [Α.
4104 426 4269 480 14⁷9
4311 422 4562 492 giugno]

858 563 2094 578 mum-m--mmfflm

847 680 1130 746 veniens
1172 701 1356 746 anno
1403 699 1602 747 curso
1650 679 1951 767 Neapoli
2000 680 2506 757 manifestavit3
2553 690 2623 746 et
2669 679 2834 745 dum
2866 676 2974 742 in'
3022 678 3267 745 castris
3310 677 3739 745 Florentinis
3783 677 3966 745 foret
3997 689 4223 745 extate
4252 676 4570 765 proxime

846 786 1196 873 preterita,
1243 787 1495 853 iterum
1542 789 1906 874 temptavit
1952 786 2138 852 illius
2182 787 2626 854 occisionem.
2718 785 2850 851 His
2893 784 3109 874 igitur
3153 785 3244 851 de
3291 785 3520 851 causis
3563 785 3708 851 dux
3750 784 3899 871 ipse
3944 785 4017 851 in
4049 805 4369 852 socerum
4422 783 4572 849 ani-

838 892 1097 959 mosior
1144 894 1371 959 factus
1418 906 1541 972 est,
1588 893 1772 960 inter
1816 914 1990 980 quos
2033 890 2260 979 pauca
2306 892 2541 960 extitit
2588 912 2864 978 semper
2906 891 3424 969 benivolentia3
3461 903 3530 959 et
3560 891 3727 958 licet
3757 891 3850 958 ad
3895 891 4193 958 invicem
4238 892 4571 958 contrha-

853 999 1082 1065 xerint
1148 1002 1598 1086 parentelam,
1667 1012 1939 1067 atamen
2001 1000 2239 1068 odium
2302 998 2434 1066 sibi
2497 998 2802 1066 habebat
2860 1021 2986 1066 rex
3045 998 3197 1085 ipse
3265 1008 3336 1065 et
3401 999 3518 1065 via
3562 1000 3753 1066 dicte
3816 999 4172 1086 parentele
4243 996 4576 1084 sperabat

854 1104 1162 1171 animum
1207 1127 1401 1171 suum
1449 1107 1800 1193 complere
1849 1105 1941 1174 ob
1985 1117 2285 1173 veterem
2315 1105 2771 1172 inimicitiam.
2861 1104 3246 1172 Dicebatur
3294 1103 3503 1183 enim,
3535 1104 3761 1191 ipsum
3794 1104 4151 1172 dominum
4195 1102 4574 1172 Herculem
4672 1100 4728 1166 5

842 1222 913 1277 et
960 1211 1315 1279 dominum
1363 1212 1876 1300 Sigismondum
1923 1213 2192 1291 fratres,
2242 1212 2404 1278 dum
2451 1211 2623 1277 alias
2667 1211 2904 1278 forent
2947 1211 3039 1277 ad
3086 1210 3432 1298 stipendia
3475 1211 3695 1298 ipsius
3737 1212 3923 1299 regis
3954 1223 4024 1278 et
4057 1210 4127 1276 in
4156 1210 4303 1277 eius
4351 1209 4563 1289 aulla,

858 1318 946 1385 ab
994 1338 1077 1385 eo
1123 1319 1493 1407 aufugisse.
1585 1320 1901 1407 Cumque
1947 1341 2074 1385 rex
2118 1319 2269 1405 ipse
2315 1318 2741 1406 promisisset
2771 1317 2978 1384 filiam
3011 1318 3257 1405 nuptui
3286 1317 3565 1385 tradere
3614 1316 3892 1385 Sforcie
3926 1316 4352 1384 Vicecomiti
4384 1337 4577 1383 nunc

855 1424 1019 1490 duci
1065 1422 1266 1491 Barri
1314 1435 1385 1492 et
1430 1445 1762 1514 germano
1812 1426 2007 1493 ducis
2056 1425 2394 1516 Galeazij,
2442 1435 2595 1491 orta
2638 1425 2822 1491 inter
2881 1443 3002 1491 eos
3048 1424 3414 1503 seditione,
3460 1424 3708 1490 federa
3751 1424 3958 1511 rupit,
4003 1425 4331 1513 illamque
4379 1423 4578 1490 dicto

849 1530 1137 1597 domino
1168 1532 1461 1598 Herculi
1509 1544 1742 1598 creato
1791 1531 1974 1611 duci,
2022 1530 2113 1598 ob
2160 1532 2569 1617 despectum
2618 1531 2796 1597 dicti
2838 1531 3037 1597 ducis
3085 1530 3417 1618 Galeazij,
3446 1531 3689 1616 nuptui
3736 1531 4051 1598 tradidit.
4140 1531 4580 1618 Factumque

853 1647 955 1701 est
1000 1637 1275 1718 talliter,
1308 1638 1499 1726 quod
1545 1639 1724 1705 inter
1769 1638 1953 1724 ipsos
1997 1657 2255 1725 regem,
2292 1639 2541 1705 ducem
2588 1638 2961 1704 Herculem
3007 1650 3077 1703 et
3121 1636 3479 1704 dominum
3512 1638 3761 1703 ducem
3793 1637 4184 1704 Mediolani
4215 1636 4582 1724 perpetuis
4638 1638 4736 1701 10

855 1743 1282 1829 temporibus
1327 1744 1554 1810 nullus
1599 1767 1815 1821 amor,
1876 1745 2068 1810 nulla
2129 1766 2287 1831 pair,
2333 1764 2466 1810 nec
2527 1743 2964 1831 tranquilitas
3024 1743 3437 1811 invenietur.
3525 1743 3692 1811 Fuit
3750 1743 3934 1810 enim
3995 1764 4122 1809 rex
4163 1745 4312 1831 ipse
4376 1745 4582 1832 origo

865 1861 935 1914 et
981 1869 1210 1929 causa,
1255 1851 1460 1916 statui
1505 1850 1895 1917 Mediolani
1927 1862 2030 1917 tot
2059 1849 2557 1936 impedimenta
2589 1861 2660 1917 et
2689 1870 2996 1937 guerras,
3030 1872 3113 1917 ac
3146 1849 3592 1917 incommoda
3635 1850 3884 1930 insere,
3930 1861 4007 1915 ut
4054 1850 4389 1938 ingratus,
4438 1869 4586 1915 non

851 1952 1167 2022 obstante
1210 1956 1475 2044 duplici
1521 1957 1849 2025 affinitate
1896 1957 2304 2023 contrhacta
2349 1977 2506 2023 com
2554 1957 2708 2043 ipso
2753 1956 2931 2023 duce
2976 1955 3398 2034 Mediolani3
3446 1977 3609 2021 nam
3657 1957 3798 2024 dux
3845 1953 4198 2023 Callabrie
4229 1943 4584 2046 primoge-

853 2060 1041 2127 nitus
1085 2063 1231 2129 eius
1274 2075 1343 2130 et
1387 2064 1502 2151 qui
1548 2064 1623 2129 in
1671 2084 1890 2152 regno
1952 2064 2333 2131 succedere
2378 2064 2614 2142 habet,
2661 2064 2734 2128 in
2779 2082 3065 2129 uxorem
3126 2062 3407 2149 accepit
3469 2063 3820 2129 dominam
3884 2063 4224 2150 Ipolitam‚
4270 2083 4585 2129 sororem

858 2169 1057 2233 ducis
1105 2169 1382 2249 Galeaz‚
1429 2171 1707 2237 amitam
1756 2171 1922 2238 novi
1970 2170 2190 2250 ducis,
2237 2190 2325 2236 ex
2373 2191 2512 2257 qua
2554 2171 2787 2256 plures
2817 2170 3215 2257 procreavit
3244 2169 3444 2249 filios,
3475 2192 3560 2237 ac
3593 2170 3796 2251 filias,
3829 2170 4117 2236 alteram
4164 2191 4459 2257 quarum
4505 2171 4585 2234 in
4643 2168 4728 2235 15

854 2274 1293 2342 matrimonio
1340 2270 1631 2345 tradidit
1692 2277 1827 2364 ipsi
1876 2289 2113 2343 nostro
2174 2298 2390 2363 parvo
2454 2278 2619 2342 duci
2680 2276 2769 2344 ob
2827 2277 3382 2344 coniunctionem
3447 2287 3517 2343 et
3579 2276 4170 2343 conservationem
4241 2276 4583 2343 amicitie.

856 2381 966 2446 Ex
1010 2381 1151 2447 alio
1200 2382 1433 2468 capite
1479 2404 1618 2448 una
1663 2404 1859 2450 soror
1906 2382 2083 2449 dicti
2131 2383 2347 2449 nostri
2392 2383 2595 2468 parvi
2643 2382 2844 2448 ducis
2875 2394 3092 2468 nupta
3123 2393 3229 2449 est
3274 2381 3346 2447 in
3390 2382 3928 2473 primogenitum
3978 2383 4177 2449 ducis
4221 2383 4579 2450 Herculis.

856 2487 1204 2573 Cupiebat
1250 2501 1523 2556 atamen
1572 2510 1695 2557 rex
1740 2491 1891 2577 ipse
1939 2491 2011 2556 in
2057 2503 2365 2556 veterem
2412 2489 2795 2556 amicitiam
2841 2489 3089 2569 redire,
3135 2508 3381 2576 pacem
3428 2490 3795 2568 affectans,
3845 2511 4002 2555 cum
4050 2494 4139 2557 ex
4166 2511 4423 2580 guerra
4470 2510 4592 2555 su·

863 2596 1246 2681 perlucrari
1292 2597 1563 2685 aliquid
1608 2619 1747 2663 non
1777 2609 2030 2683 posset.
2123 2597 2447 2663 Potentie
2495 2608 2725 2663 autem
2772 2597 2911 2686 lige
2956 2608 3188 2663 nostre
3235 2596 3617 2676 nollebant,
3665 2596 3799 2682 ipsi
3845 2597 4001 2684 regi
4072 2598 4303 2663 omnia
4363 2599 4589 2663 ascri-

863 2700 1100 2768 bentes
1147 2716 1216 2771 et
1260 2717 1578 2791 petentes
1621 2707 1849 2792 primo
1893 2704 2164 2772 restitui
2212 2705 2377 2770 duci
2434 2703 2826 2770 Mediolani
2885 2705 3180 2793 Januam
3245 2704 3585 2782 amissam,
3648 2701 4073 2771 Florentinis
4134 2705 4385 2770 damna
4443 2704 4594 2770 illis
4643 2707 4736 2769 20

863 2810 1190 2890 obventa,
1234 2811 1521 2879 Venetis
1585 2812 1905 2878 Scutrum
1954 2812 2193 2877 datum
2234 2809 2551 2877 Turcho'
2598 2822 2668 2877 et
2716 2811 2969 2878 damna
3013 2832 3056 2876 a
3099 2811 3398 2878 Turchis
3444 2811 3519 2875 in
3566 2810 3923 2901 Forojullij
3972 2832 4194 2898 passa,
4243 2833 4376 2879 nec
4439 2831 4592 2877 non

864 2918 1117 2982 damna
1162 2916 1399 2984 habita
1445 2940 1487 2984 a
1532 2918 1902 2998 Sevizaris,
1951 2919 2160 3005 culpa
2203 2930 2273 2984 et
2318 2930 2616 2984 tractatu
2662 2917 2835 2984 dicti
2883 2917 3086 3005 regis.
3177 2918 3269 2984 Et
3296 2918 3406 2984 his
3436 2917 3791 2997 stantibus,
3825 2918 3913 2984 de
3944 2937 4121 3003 pace
4153 2939 4396 3004 parum
4427 2938 4595 3004 spe-

859 3033 1070 3088 ratur.
1163 3024 1308 3090 Sed
1338 3045 1465 3110 pro
1498 3025 1636 3091 hoc
1668 3044 1850 3090 anno
1881 3024 2168 3093 omnino
2200 3023 2500 3110 pecunie
2533 3036 2602 3091 et
2633 3024 2978 3110 stipendia
3008 3024 3370 3113 armigeris
3399 3024 3669 3091 solucta
3697 3036 3855 3090 sunt
3880 3022 3969 3089 ab
3993 3023 4141 3110 liga
4169 3021 4591 3091 Mediolani.

1052 3127 1403 3206 Quoniam
1474 3132 1732 3197 domini
1800 3120 2106 3198 oratores
2175 3131 2385 3199 totius
2454 3131 2596 3217 lige
2644 3130 2875 3197 Rome
2933 3130 3313 3198 existentes
3373 3151 3517 3197 non
3561 3130 3922 3197 valuerunt
3971 3150 4203 3197 coram
4248 3131 4589 3217 pontifice

863 3256 1107 3323 pacem
1154 3236 1599 3317 concludere,
1646 3238 1782 3324 ipsi
1828 3256 2067 3304 omnes
2111 3237 2202 3304 ab
2249 3235 2422 3302 urbe
2454 3237 2906 3315 disceserunt,
2939 3236 3234 3324 quilibet
3265 3238 3358 3304 ad
3391 3238 3746 3304 dominum
3778 3257 3975 3304 suum
4005 3238 4310 3316 rediens,
4343 3238 4596 3326 sicque
4645 3238 4732 3302 25

842 3344 953 3409 ·de
1001 3363 1219 3430 guera
1262 3344 1400 3410 hoc
1447 3365 1631 3411 anno
1679 3344 1985 3411 acerime
2034 3345 2264 3410 fienda
2307 3343 2589 3431 publice
2660 3342 3016 3410 ferebatur
3076 3357 3146 3410 et
3186 3344 3329 3432 jam
3378 3343 3700 3432 gentibus
3748 3344 3936 3432 regis
3979 3344 4408 3411 Ferdinandi
4470 3365 4596 3411 ve-

864 3448 1216 3515 nientibus
1259 3450 1334 3514 in
1380 3471 1549 3539 agro
1595 3451 2024 3529 Florentino,
2071 3450 2704 3539 temptantibusque
2750 3469 3097 3538 occupare
3157 3450 3470 3518 Montem
3519 3451 3960 3538 Imperialem
4005 3450 4596 3531 Florentinorum‚

865 3558 987 3644 qui
1032 3570 1136 3625 est
1180 3580 1391 3645 supra
1440 3558 1934 3626 Pozibonzium
1981 3580 2218 3624 versus
2281 3559 2505 3626 Senas
2561 3569 2632 3625 et
2693 3558 2769 3623 in
2831 3571 3044 3625 strata
3105 3558 3427 3638 Claudia,
3474 3559 3546 3623 in
3592 3579 3730 3646 quo
3792 3558 4180 3626 Florentini
4227 3560 4358 3646 ipsi
4403 3580 4596 3625 anno

866 3665 1217 3752 preterito·
1256 3686 1493 3731 eorum
1542 3666 1924 3733 exercitum
1971 3678 2366 3753 posuerant,
2429 3665 2740 3732 construi
2769 3651 3107 3732 ‘fecerunt
3151 3666 3598 3732 fortissimam
3644 3665 3954 3733 bastiam.
4047 3666 4600 3733 Revocaverunt

866 3793 1145 3860 quoque
1191 3793 1232 3836 a
1277 3772 1587 3859 partibus
1634 3772 2070 3840 Lunensibus
2116 3772 2436 3838 dominos
2485 3774 2734 3838 ducem
2779 3773 3153 3838 Herculem
3203 3772 3642 3858 capitaneum
3676 3785 3747 3840 et
3777 3772 4250 3839 marchionem
4291 3772 4593 3840 Mantue
4649 3777 4739 3839 30

870 3899 1027 3946 com
1071 3877 1399 3966 gentibus
1446 3878 1609 3957 suis,
1657 3880 1775 3967 qui
1823 3880 1914 3946 ad
1960 3879 2390 3946 obstaculum
2439 3877 2707 3945 domini
2755 3878 3054 3945 Roberti
3102 3878 3517 3945 dimiserunt
3548 3880 3917 3945 nonnullos
3949 3880 4331 3968 armigeros
4363 3891 4434 3946 et
4462 3900 4598 3965 pe-

869 3986 1072 4064 dites,
1118 3984 1373 4071 viaque
1433 3998 1628 4052 recta
1689 3998 2105 4072 perexerunt
2167 3986 2259 4051 ad
2320 3987 2545 4071 ipsum
2588 3984 2907 4052 Montem
2954 3985 3426 4072 imperialem;
3491 3987 3680 4073 quod
3743 3997 3966 4052 totum
4012 3988 4117 4052 sic
4181 3999 4409 4053 actum
4454 3988 4598 4052 fuit

873 4092 1066 4158 circa
1110 4102 1274 4158 octo
1322 4090 1475 4158 dies
1517 4093 1691 4183 junij
1751 4090 1938 4162 1479.
3461 4101 3466 4106 “

1048 4197 1376 4266 Recessis
1424 4219 1465 4262 a
1508 4199 1876 4265 Lunesana
1922 4198 2128 4266 dictis
2175 4201 2355 4265 duce
2403 4200 2707 4265 Hercule
2770 4211 2839 4265 et
2899 4201 3299 4282 marchione
3345 4198 3657 4279 Mantue,
3707 4200 4028 4266 dominus
4086 4198 4440 4267 Robertus
4503 4201 4596 4266 de

867 4306 1129 4372 Sancto
1178 4306 1540 4384 Severino,
1588 4305 1707 4392 qui
1755 4327 1828 4371 se
1876 4306 2252 4372 recluserat
2299 4306 2484 4374 intra
2532 4318 2757 4373 certos
2788 4318 3058 4373 montes
3104 4318 3173 4373 et
3218 4326 3426 4372 unam
3473 4307 3852 4392 palludem,
3901 4307 4116 4374 exivit
4172 4307 4594 4374 discurendo
4646 4307 4736 4373 35

869 4414 940 4476 in
986 4412 1268 4499 regione
1318 4412 1436 4477 illa
1480 4413 1551 4477 in
1598 4412 1950 4479 territorio
1998 4413 2377 4478 amicorum
2423 4423 2638 4479 status
2681 4412 3097 4480 Mediolani.
3190 4413 3534 4479 Dominus
3594 4434 3761 4479 vero
3824 4412 4163 4480 Obiectus
4224 4416 4312 4481 de
4357 4415 4596 4481 Flisco

866 4531 1111 4608 castra,
1161 4539 1294 4584 con
1338 4520 1582 4605 paucis
1626 4531 1855 4585 tamen
1904 4520 2248 4606 gentibus,
2295 4520 2529 4606 posuit
2574 4521 2839 4607 oppido
2888 4520 3134 4587 Callisi
3175 4519 3350 4610 juris
3395 4532 3613 4587 status
3642 4520 4049 4587 Mediolani.
4140 4519 4259 4588 Ad
4305 4541 4598 4608 quorum

874 4624 1269 4710 oppositum
1302 4624 1488 4689 missi
1522 4638 1677 4691 sunt
1701 4625 2209 4713 quinquaginta
2237 4626 2697 4711 provisionati
2746 4637 2816 4692 et
2863 4626 3113 4714 viginti
3146 4627 3453 4714 quinque
3487 4626 3845 4717 ballistarij
3894 4648 3985 4693 ex
4029 4628 4159 4707 his,
4206 4629 4324 4716 qui
4371 4628 4597 4713 depu-

874 4731 999 4797 tati
1047 4742 1243 4796 erant
1287 4731 1380 4796 ad
1426 4731 1814 4797 custodiam
1863 4734 2092 4818 platee
2141 4731 2442 4798 civitatis
2489 4732 2761 4799 Parme.
2853 4733 2944 4798 Et
2990 4733 3441 4800 nihilominus
3485 4735 3722 4820 platea
3767 4734 3917 4819 ipsa
3963 4732 4487 4801 custodiebatur
4524 4746 4597 4801 et

877 4858 1035 4905 com
1082 4837 1301 4922 portis
1346 4838 1819 4917 claudebatur,
1868 4849 2072 4925 prout
2117 4851 2324 4905 antea
2370 4839 2650 4906 solitum
2699 4851 2804 4906 est
2850 4852 3161 4926 tempore
3208 4837 3593 4917 Bonarelli;
3643 4851 3714 4907 et
3759 4842 3942 4906 ultra
3972 4840 4049 4906 id
4079 4853 4422 4908 errectum
4457 4841 4597 4907 fuit
4648 4846 4736 4907 40

874 4943 1279 5010 fortilicium
1327 4945 1415 5011 ab
1463 4956 1753 5031 utraque
1798 4957 1996 5030 parte
2045 4946 2285 5032 pontis
2331 4946 2498 5012 doni
2545 4946 2807 5036 Egidij‚
2856 4948 3046 5034 quod
3090 4958 3297 5013 antea
3345 4947 3747 5012 demolitum
3793 4949 4044 5026 fuerat,
4094 4968 4254 5013 cum
4316 4947 4596 5014 deiecta

867 5051 1003 5116 fuit
1050 5051 1351 5116 citadela
1399 5052 1484 5116 de
1532 5050 1745 5115 Porta
1792 5052 2017 5128 Nova,
2066 5053 2434 5139 factusque
2484 5052 2618 5118 fuit
2662 5074 2703 5118 a
2748 5064 2949 5139 parte
2997 5052 3307 5119 citeriori
3353 5074 3530 5138 pons
3574 5073 3750 5118 unus
3796 5053 4173 5120 levatorius
4234 5074 4391 5120 com
4452 5075 4600 5120 uno

880 5157 1193 5224 revelino
1239 5169 1309 5223 et
1355 5156 1444 5222 ab
1491 5158 1630 5223 alio
1679 5158 1894 5223 latere
1941 5178 2181 5222 versus
2212 5159 2441 5245 Caput
2474 5158 2720 5225 Pontis
2766 5160 3086 5246 apposita
3129 5170 3232 5224 est
3273 5158 3484 5246 janua
3527 5180 3657 5246 pro
3704 5160 4097 5226 claudendo
4144 5160 4294 5246 ipso
4340 5174 4597 5246 ponte3

880 5276 950 5329 et
995 5264 1088 5329 ad
1134 5262 1428 5328 Pontem
1473 5264 1764 5350 Lapidis
1798 5265 1883 5329 de
1918 5263 2153 5330 medio
2201 5264 2429 5350 posite
2475 5276 2634 5332 sunt
2680 5277 2880 5352 porte
2917 5264 3294 5334 clavatorie
3329 5278 3399 5331 et
3430 5265 3604 5352 ipsis
3649 5264 3986 5332 ambobus
4015 5264 4347 5351 pontibus
4377 5267 4601 5352 depu-

880 5381 1020 5436 tate
1068 5382 1226 5437 sunt
1273 5370 1587 5437 custodie
1638 5382 1708 5436 et
1756 5370 1943 5437 omni
1990 5382 2199 5436 nocte
2247 5372 2769 5452 claudebantur,
2818 5372 2911 5437 ita
2958 5372 3148 5459 quod
3195 5372 3268 5437 in
3324 5391 3599 5439 omnem
3663 5382 3987 5438 eventum
4049 5372 4149 5438 illi
4210 5374 4299 5439 de
4346 5373 4598 5460 Capite
4648 5374 4733 5441 45

877 5476 1142 5554 Pontis,
1188 5477 1523 5563 baptizati
1570 5477 1906 5555 Sevizari,
1955 5498 2094 5543 non
2141 5490 2422 5563 possent
2468 5480 2642 5544 citra
2687 5479 2942 5546 venire.

1061 5585 1216 5650 Hoc
1263 5583 1470 5649 etiam
1518 5594 1832 5669 tempore
1879 5595 1950 5649 et
1999 5584 2191 5650 circa
2234 5585 2543 5651 medium
2589 5584 2763 5675 junij
2822 5585 2987 5655 1479
3036 5606 3271 5651 comes
3334 5584 3626 5653 Carolus
3674 5587 3761 5652 de
3809 5585 4150 5654 Montono
4195 5586 4479 5654 intravit
4523 5590 4597 5654 in

880 5710 1051 5780 agro
1096 5690 1431 5757 Perusino
1476 5700 1547 5755 et
1594 5691 1808 5756 multa
1855 5690 2045 5776 cepit
2095 5704 2321 5757 castra
2367 5691 2500 5758 sibi
2547 5692 2950 5758 amicantia:
3000 5714 3136 5779 qua
3184 5712 3272 5758 ex
3320 5713 3532 5759 causa
3576 5713 3701 5759 rex
3744 5694 3802 5782 F
3803 5694 4230 5774 erdinandus
4267 5692 4485 5761 missit
4532 5695 4603 5759 in

879 5818 1048 5886 agro
1097 5797 1387 5864 Senensi
1435 5816 1673 5862 versus
1720 5797 2139 5863 Florentiam
2190 5799 2437 5863 multas
2482 5799 2838 5884 squadraS,
2903 5812 2980 5865 ut
3042 5800 3288 5864 iterum
3336 5800 3759 5866 Florentinis
3804 5820 4092 5887 gueram
4138 5801 4421 5878 faceret,
4480 5803 4602 5888 qui

882 5904 1140 5989 optime
1188 5901 1412 5987 parati
1463 5915 1660 5968 erant
1707 5905 1799 5969 ad
1844 5914 2058 5968 status
2105 5924 2342 5969 eorum
2391 5903 2868 5969 defensionem
2920 5917 2989 5971 et
3035 5905 3278 5970 melius
3325 5927 3530 5992 quam
3574 5927 3758 5972 anno
3802 5905 4118 5992 proxime
4167 5926 4395 5973 curso.
4650 5909 4736 5976 50
