<?xml version="1.0" encoding="UTF-8"?>
<!DOCTYPE html PUBLIC "-//W3C//DTD XHTML 1.0 Transitional//EN"
    "http://www.w3.org/TR/xhtml1/DTD/xhtml1-transitional.dtd">
<html xmlns="http://www.w3.org/1999/xhtml" xml:lang="en" lang="en">
 <head>
  <title>
</title>
<meta http-equiv="Content-Type" content="text/html;charset=utf-8" />
  <meta name='ocr-system' content='tesseract 3.04.00' />
  <meta name='ocr-capabilities' content='ocr_page ocr_carea ocr_par ocr_line ocrx_word'/>
</head>
<body>
  <div class='ocr_page' id='page_1' title='image "./cronicagestorum00bonagoog_0039.png"; bbox 0 0 4895 7066; ppageno 0'>
   <div class='ocr_carea' id='block_1_1' title="bbox 310 438 4028 532">
    <p class='ocr_par' dir='ltr' id='par_1_1' title="bbox 310 438 4028 532">
     <span class='ocr_line' id='line_1_1' title="bbox 310 438 4028 532; baseline 0 -17"><span class='ocrx_word' id='word_1_1' title='bbox 310 453 415 529; x_wconf 71' lang='grc' dir='ltr'>[Α.</span> <span class='ocrx_word' id='word_1_2' title='bbox 455 461 628 517; x_wconf 74' lang='lat'>1478</span> <span class='ocrx_word' id='word_1_3' title='bbox 669 452 1203 532; x_wconf 66' lang='lat' dir='ltr'>resumo-aprile]</span> <span class='ocrx_word' id='word_1_4' title='bbox 1476 441 1585 522; x_wconf 90' lang='lat' dir='ltr'>IN</span> <span class='ocrx_word' id='word_1_5' title='bbox 1626 442 2163 522; x_wconf 85' lang='lat' dir='ltr'>‘PARTIBUS</span> <span class='ocrx_word' id='word_1_6' title='bbox 2218 442 2861 522; x_wconf 89' lang='lat' dir='ltr'>LOMBARDIE</span> <span class='ocrx_word' id='word_1_7' title='bbox 3930 438 4028 515; x_wconf 84' lang='lat'>23</span> 
     </span>
    </p>
   </div>
   <div class='ocr_carea' id='block_1_2' title="bbox 1242 592 3366 609">
    <p class='ocr_par' dir='ltr' id='par_1_2' title="bbox 1242 592 3366 609">
     <span class='ocr_line' id='line_1_2' title="bbox 1242 592 3366 609; baseline -0.003 -1"><span class='ocrx_word' id='word_1_8' title='bbox 1242 598 2051 609; x_wconf 51' lang='lat' dir='ltr'>*nm-mmuu---u-</span> <span class='ocrx_word' id='word_1_9' title='bbox 2058 592 3366 607; x_wconf 53' lang='lat' dir='ltr'>„mm-ffl1fflfflfflun-m-mfflw</span> 
     </span>
    </p>
   </div>
   <div class='ocr_carea' id='block_1_3' title="bbox 926 600 1238 609">
    <p class='ocr_par' dir='ltr' id='par_1_3' title="bbox 926 600 1238 609">
     <span class='ocr_line' id='line_1_3' title="bbox 926 600 1238 609; baseline 0 6457"><span class='ocrx_word' id='word_1_10' title='bbox 926 600 1238 609; x_wconf 95' lang='lat' dir='ltr'> </span> 
     </span>
    </p>
   </div>
   <div class='ocr_carea' id='block_1_4' title="bbox 186 706 4048 4320">
    <p class='ocr_par' dir='ltr' id='par_1_4' title="bbox 307 706 4040 1118">
     <span class='ocr_line' id='line_1_4' title="bbox 308 706 4028 797; baseline -0.001 -22"><span class='ocrx_word' id='word_1_11' title='bbox 308 710 535 796; x_wconf 89' lang='lat' dir='ltr'>ipsam</span> <span class='ocrx_word' id='word_1_12' title='bbox 580 710 914 777; x_wconf 91' lang='lat' dir='ltr'>revideri.</span> <span class='ocrx_word' id='word_1_13' title='bbox 1008 712 1119 777; x_wconf 89' lang='lat' dir='ltr'>He</span> <span class='ocrx_word' id='word_1_14' title='bbox 1166 709 1329 778; x_wconf 89' lang='lat' dir='ltr'>due&#39;</span> <span class='ocrx_word' id='word_1_15' title='bbox 1378 710 1921 797; x_wconf 81' lang='lat' dir='ltr'>supplicationes</span> <span class='ocrx_word' id='word_1_16' title='bbox 1967 710 2073 776; x_wconf 90' lang='lat' dir='ltr'>sic</span> <span class='ocrx_word' id='word_1_17' title='bbox 2119 708 2508 797; x_wconf 88' lang='lat' dir='ltr'>subscripte</span> <span class='ocrx_word' id='word_1_18' title='bbox 2562 719 2888 795; x_wconf 81' lang='lat' dir='ltr'><strong>porrecte</strong></span> <span class='ocrx_word' id='word_1_19' title='bbox 2947 720 3107 775; x_wconf 87' lang='lat' dir='ltr'>sunt</span> <span class='ocrx_word' id='word_1_20' title='bbox 3166 706 3238 771; x_wconf 89' lang='lat' dir='ltr'>in</span> <span class='ocrx_word' id='word_1_21' title='bbox 3301 707 3492 775; x_wconf 90' lang='lat' dir='ltr'>dicto</span> <span class='ocrx_word' id='word_1_22' title='bbox 3554 706 3848 773; x_wconf 90' lang='lat' dir='ltr'>consilio</span> <span class='ocrx_word' id='word_1_23' title='bbox 3911 728 4028 773; x_wconf 92' lang='lat' dir='ltr'>ca-</span> 
     </span>
     <span class='ocr_line' id='line_1_5' title="bbox 312 812 4036 904; baseline -0.001 -22"><span class='ocrx_word' id='word_1_24' title='bbox 312 817 443 882; x_wconf 88' lang='lat' dir='ltr'>stri</span> <span class='ocrx_word' id='word_1_25' title='bbox 504 830 577 884; x_wconf 90' lang='lat' dir='ltr'>et</span> <span class='ocrx_word' id='word_1_26' title='bbox 636 818 709 883; x_wconf 93' lang='lat' dir='ltr'>in</span> <span class='ocrx_word' id='word_1_27' title='bbox 774 837 859 885; x_wconf 91' lang='lat' dir='ltr'>eo</span> <span class='ocrx_word' id='word_1_28' title='bbox 921 819 1123 895; x_wconf 88' lang='lat' dir='ltr'>lecte,</span> <span class='ocrx_word' id='word_1_29' title='bbox 1184 836 1318 884; x_wconf 90' lang='lat' dir='ltr'>nec</span> <span class='ocrx_word' id='word_1_30' title='bbox 1384 828 1696 904; x_wconf 86' lang='lat' dir='ltr'>repertus</span> <span class='ocrx_word' id='word_1_31' title='bbox 1754 816 1907 895; x_wconf 82' lang='lat' dir='ltr'>fuit,</span> <span class='ocrx_word' id='word_1_32' title='bbox 1970 815 2124 904; x_wconf 89' lang='lat' dir='ltr'>quis</span> <span class='ocrx_word' id='word_1_33' title='bbox 2176 816 2334 883; x_wconf 88' lang='lat' dir='ltr'>illas</span> <span class='ocrx_word' id='word_1_34' title='bbox 2410 826 2892 901; x_wconf 86' lang='lat' dir='ltr'>presentasset.</span> <span class='ocrx_word' id='word_1_35' title='bbox 2982 814 3096 881; x_wconf 92' lang='lat' dir='ltr'>Re</span> <span class='ocrx_word' id='word_1_36' title='bbox 3167 814 3586 901; x_wconf 86' lang='lat' dir='ltr'>investigata</span> <span class='ocrx_word' id='word_1_37' title='bbox 3654 812 4036 899; x_wconf 90' lang='lat' dir='ltr'>prescitum</span> 
     </span>
     <span class='ocr_line' id='line_1_6' title="bbox 307 918 4040 1013; baseline -0.001 -25"><span class='ocrx_word' id='word_1_38' title='bbox 307 924 471 1002; x_wconf 82' lang='lat' dir='ltr'>fnit,</span> <span class='ocrx_word' id='word_1_39' title='bbox 514 925 707 1012; x_wconf 91' lang='lat' dir='ltr'>quod</span> <span class='ocrx_word' id='word_1_40' title='bbox 753 924 988 992; x_wconf 79' lang='lat' dir='ltr'>fuerat</span> <span class='ocrx_word' id='word_1_41' title='bbox 1033 925 1359 992; x_wconf 88' lang='lat' dir='ltr'>inventor</span> <span class='ocrx_word' id='word_1_42' title='bbox 1402 923 1605 990; x_wconf 89' lang='lat' dir='ltr'>huius</span> <span class='ocrx_word' id='word_1_43' title='bbox 1652 922 1908 1013; x_wconf 89' lang='lat' dir='ltr'>negotij</span> <span class='ocrx_word' id='word_1_44' title='bbox 1974 923 2204 991; x_wconf 88' lang='lat' dir='ltr'>dictus</span> <span class='ocrx_word' id='word_1_45' title='bbox 2266 942 2505 991; x_wconf 91' lang='lat' dir='ltr'>comes</span> <span class='ocrx_word' id='word_1_46' title='bbox 2562 922 2972 989; x_wconf 89' lang='lat' dir='ltr'>Ludovicus</span> <span class='ocrx_word' id='word_1_47' title='bbox 3034 933 3105 987; x_wconf 91' lang='lat' dir='ltr'>et</span> <span class='ocrx_word' id='word_1_48' title='bbox 3163 920 3353 1008; x_wconf 91' lang='lat' dir='ltr'>quod</span> <span class='ocrx_word' id='word_1_49' title='bbox 3415 920 3603 987; x_wconf 90' lang='lat' dir='ltr'>cives</span> <span class='ocrx_word' id='word_1_50' title='bbox 3662 918 4040 1006; x_wconf 67' lang='lat' dir='ltr'>subscripti</span> 
     </span>
     <span class='ocr_line' id='line_1_7' title="bbox 310 1026 4035 1118; baseline -0.001 -23"><span class='ocrx_word' id='word_1_51' title='bbox 310 1031 599 1097; x_wconf 76' lang='lat' dir='ltr'>fuerant</span> <span class='ocrx_word' id='word_1_52' title='bbox 642 1031 943 1118; x_wconf 89' lang='lat' dir='ltr'>decepti.</span> <span class='ocrx_word' id='word_1_53' title='bbox 1032 1028 1145 1098; x_wconf 91' lang='lat' dir='ltr'>Ac</span> <span class='ocrx_word' id='word_1_54' title='bbox 1190 1032 1398 1098; x_wconf 90' lang='lat' dir='ltr'>etiam</span> <span class='ocrx_word' id='word_1_55' title='bbox 1449 1030 1731 1099; x_wconf 89' lang='lat' dir='ltr'>domina</span> <span class='ocrx_word' id='word_1_56' title='bbox 1794 1030 2070 1096; x_wconf 80' lang='lat' dir='ltr'>ducissa</span> <span class='ocrx_word' id='word_1_57' title='bbox 2130 1030 2494 1108; x_wconf 82' lang='lat' dir='ltr'>intellexit,</span> <span class='ocrx_word' id='word_1_58' title='bbox 2541 1029 2732 1117; x_wconf 91' lang='lat' dir='ltr'>quod</span> <span class='ocrx_word' id='word_1_59' title='bbox 2792 1028 2913 1095; x_wconf 89' lang='lat' dir='ltr'>hic</span> <span class='ocrx_word' id='word_1_60' title='bbox 2974 1047 3210 1094; x_wconf 87' lang='lat' dir='ltr'>comes</span> <span class='ocrx_word' id='word_1_61' title='bbox 3271 1026 3660 1093; x_wconf 81' lang='lat' dir='ltr'>minabatur</span> <span class='ocrx_word' id='word_1_62' title='bbox 3706 1026 4035 1104; x_wconf 89' lang='lat' dir='ltr'>dicendo,</span> 
     </span>
    </p>

    <p class='ocr_par' dir='ltr' id='par_1_5' title="bbox 223 1133 4042 1649">
     <span class='ocr_line' id='line_1_8' title="bbox 223 1133 4037 1224; baseline -0.001 -24"><span class='ocrx_word' id='word_1_63' title='bbox 223 1135 261 1200; x_wconf 88' lang='lat'>5</span> <span class='ocrx_word' id='word_1_64' title='bbox 311 1137 507 1224; x_wconf 92' lang='lat' dir='ltr'>quod</span> <span class='ocrx_word' id='word_1_65' title='bbox 538 1157 911 1224; x_wconf 88' lang='lat' dir='ltr'>nomquam</span> <span class='ocrx_word' id='word_1_66' title='bbox 945 1136 1244 1205; x_wconf 88' lang='lat' dir='ltr'>solveret</span> <span class='ocrx_word' id='word_1_67' title='bbox 1276 1136 1931 1204; x_wconf 81' lang='lat' dir='ltr'>condemnationem</span> <span class='ocrx_word' id='word_1_68' title='bbox 1978 1158 2193 1215; x_wconf 69' lang='grc' dir='ltr'>ειιεω,</span> <span class='ocrx_word' id='word_1_69' title='bbox 2225 1148 2295 1203; x_wconf 88' lang='lat' dir='ltr'>et</span> <span class='ocrx_word' id='word_1_70' title='bbox 2325 1135 2386 1202; x_wconf 91' lang='lat' dir='ltr'>si</span> <span class='ocrx_word' id='word_1_71' title='bbox 2417 1157 2551 1221; x_wconf 90' lang='lat' dir='ltr'>pur</span> <span class='ocrx_word' id='word_1_72' title='bbox 2580 1135 2804 1222; x_wconf 84' lang='lat' dir='ltr'>ipsam</span> <span class='ocrx_word' id='word_1_73' title='bbox 2836 1133 3292 1202; x_wconf 87' lang='lat' dir='ltr'>soluctionem</span> <span class='ocrx_word' id='word_1_74' title='bbox 3326 1133 3575 1221; x_wconf 79' lang='lat' dir='ltr'>fugere</span> <span class='ocrx_word' id='word_1_75' title='bbox 3608 1152 3752 1201; x_wconf 91' lang='lat' dir='ltr'>non</span> <span class='ocrx_word' id='word_1_76' title='bbox 3781 1142 4037 1219; x_wconf 84' lang='lat' dir='ltr'>posset,</span> 
     </span>
     <span class='ocr_line' id='line_1_9' title="bbox 321 1238 4041 1329; baseline -0.001 -22"><span class='ocrx_word' id='word_1_77' title='bbox 321 1243 520 1329; x_wconf 88' lang='lat' dir='ltr'>quod</span> <span class='ocrx_word' id='word_1_78' title='bbox 566 1243 772 1310; x_wconf 88' lang='lat' dir='ltr'>daret</span> <span class='ocrx_word' id='word_1_79' title='bbox 819 1254 921 1310; x_wconf 92' lang='lat' dir='ltr'>tot</span> <span class='ocrx_word' id='word_1_80' title='bbox 966 1262 1053 1310; x_wconf 87' lang='lat' dir='ltr'>ex</span> <span class='ocrx_word' id='word_1_81' title='bbox 1099 1243 1237 1309; x_wconf 88' lang='lat' dir='ltr'>suis</span> <span class='ocrx_word' id='word_1_82' title='bbox 1281 1241 1484 1310; x_wconf 91' lang='lat' dir='ltr'>bonis</span> <span class='ocrx_word' id='word_1_83' title='bbox 1528 1243 1601 1308; x_wconf 91' lang='lat' dir='ltr'>in</span> <span class='ocrx_word' id='word_1_84' title='bbox 1646 1243 1946 1310; x_wconf 90' lang='lat' dir='ltr'>solutum</span> <span class='ocrx_word' id='word_1_85' title='bbox 1990 1241 2488 1319; x_wconf 85' lang='lat' dir='ltr'>sacomanatis;</span> <span class='ocrx_word' id='word_1_86' title='bbox 2534 1251 2780 1328; x_wconf 87' lang='lat' dir='ltr'>postea</span> <span class='ocrx_word' id='word_1_87' title='bbox 2825 1240 3118 1317; x_wconf 88' lang='lat' dir='ltr'>videret,</span> <span class='ocrx_word' id='word_1_88' title='bbox 3164 1239 3318 1327; x_wconf 88' lang='lat' dir='ltr'>quis</span> <span class='ocrx_word' id='word_1_89' title='bbox 3364 1261 3450 1306; x_wconf 82' lang='lat' dir='ltr'>ex</span> <span class='ocrx_word' id='word_1_90' title='bbox 3495 1239 3600 1306; x_wconf 86' lang='lat' dir='ltr'>eis</span> <span class='ocrx_word' id='word_1_91' title='bbox 3643 1238 3762 1305; x_wconf 83' lang='lat' dir='ltr'>illa</span> <span class='ocrx_word' id='word_1_92' title='bbox 3816 1239 4041 1326; x_wconf 88' lang='lat' dir='ltr'>possi-</span> 
     </span>
     <span class='ocr_line' id='line_1_10' title="bbox 311 1345 4040 1438; baseline -0.001 -23"><span class='ocrx_word' id='word_1_93' title='bbox 311 1349 538 1415; x_wconf 88' lang='lat' dir='ltr'>deret.</span> <span class='ocrx_word' id='word_1_94' title='bbox 634 1349 963 1438; x_wconf 81' lang='lat' dir='ltr'>Dixitque</span> <span class='ocrx_word' id='word_1_95' title='bbox 1011 1350 1241 1428; x_wconf 86' lang='lat' dir='ltr'>etiam,</span> <span class='ocrx_word' id='word_1_96' title='bbox 1289 1352 1482 1438; x_wconf 92' lang='lat' dir='ltr'>quod</span> <span class='ocrx_word' id='word_1_97' title='bbox 1527 1349 1599 1416; x_wconf 93' lang='lat' dir='ltr'>in</span> <span class='ocrx_word' id='word_1_98' title='bbox 1643 1368 1785 1416; x_wconf 91' lang='lat' dir='ltr'>uno</span> <span class='ocrx_word' id='word_1_99' title='bbox 1831 1349 1977 1416; x_wconf 90' lang='lat' dir='ltr'>ictu</span> <span class='ocrx_word' id='word_1_100' title='bbox 2019 1348 2226 1415; x_wconf 91' lang='lat' dir='ltr'>unius</span> <span class='ocrx_word' id='word_1_101' title='bbox 2271 1348 2619 1434; x_wconf 87' lang='lat' dir='ltr'>schiopeti</span> <span class='ocrx_word' id='word_1_102' title='bbox 2666 1347 2932 1415; x_wconf 79' lang='lat' dir='ltr'>faceret</span> <span class='ocrx_word' id='word_1_103' title='bbox 2991 1346 3279 1433; x_wconf 86' lang='lat' dir='ltr'>pluvere</span> <span class='ocrx_word' id='word_1_104' title='bbox 3339 1367 3533 1412; x_wconf 87' lang='lat' dir='ltr'>arma</span> <span class='ocrx_word' id='word_1_105' title='bbox 3579 1357 3650 1412; x_wconf 90' lang='lat' dir='ltr'>et</span> <span class='ocrx_word' id='word_1_106' title='bbox 3695 1345 3890 1412; x_wconf 88' lang='lat' dir='ltr'>nasci</span> <span class='ocrx_word' id='word_1_107' title='bbox 3953 1366 4040 1410; x_wconf 83' lang='lat' dir='ltr'>ex</span> 
     </span>
     <span class='ocr_line' id='line_1_11' title="bbox 312 1450 4042 1543; baseline -0.001 -23"><span class='ocrx_word' id='word_1_108' title='bbox 312 1466 507 1520; x_wconf 89' lang='lat' dir='ltr'>terra</span> <span class='ocrx_word' id='word_1_109' title='bbox 548 1454 625 1519; x_wconf 91' lang='lat' dir='ltr'>in</span> <span class='ocrx_word' id='word_1_110' title='bbox 672 1454 948 1522; x_wconf 88' lang='lat' dir='ltr'>civitate</span> <span class='ocrx_word' id='word_1_111' title='bbox 993 1453 1268 1522; x_wconf 89' lang='lat' dir='ltr'>Parme.</span> <span class='ocrx_word' id='word_1_112' title='bbox 1356 1455 1468 1521; x_wconf 84' lang='lat' dir='ltr'>Ex</span> <span class='ocrx_word' id='word_1_113' title='bbox 1513 1454 1761 1543; x_wconf 90' lang='lat' dir='ltr'>quibus</span> <span class='ocrx_word' id='word_1_114' title='bbox 1808 1455 2090 1522; x_wconf 91' lang='lat' dir='ltr'>domina</span> <span class='ocrx_word' id='word_1_115' title='bbox 2136 1454 2411 1520; x_wconf 86' lang='lat' dir='ltr'>ducissa</span> <span class='ocrx_word' id='word_1_116' title='bbox 2456 1453 2635 1521; x_wconf 88' lang='lat' dir='ltr'>irata</span> <span class='ocrx_word' id='word_1_117' title='bbox 2677 1451 2866 1518; x_wconf 89' lang='lat' dir='ltr'>illum</span> <span class='ocrx_word' id='word_1_118' title='bbox 2913 1454 3193 1520; x_wconf 89' lang='lat' dir='ltr'>vocavit</span> <span class='ocrx_word' id='word_1_119' title='bbox 3236 1450 3717 1518; x_wconf 87' lang='lat' dir='ltr'>Mediolanum</span> <span class='ocrx_word' id='word_1_120' title='bbox 3774 1462 3845 1518; x_wconf 89' lang='lat' dir='ltr'>et</span> <span class='ocrx_word' id='word_1_121' title='bbox 3906 1450 4042 1518; x_wconf 91' lang='lat' dir='ltr'>ibi-</span> 
     </span>
     <span class='ocr_line' id='line_1_12' title="bbox 309 1556 4037 1649; baseline -0.001 -23"><span class='ocrx_word' id='word_1_122' title='bbox 309 1561 477 1626; x_wconf 90' lang='lat' dir='ltr'>dem</span> <span class='ocrx_word' id='word_1_123' title='bbox 527 1562 832 1628; x_wconf 88' lang='lat' dir='ltr'>eundem</span> <span class='ocrx_word' id='word_1_124' title='bbox 893 1561 1181 1628; x_wconf 90' lang='lat' dir='ltr'>retinuit</span> <span class='ocrx_word' id='word_1_125' title='bbox 1226 1564 1299 1627; x_wconf 90' lang='lat' dir='ltr'>in</span> <span class='ocrx_word' id='word_1_126' title='bbox 1347 1560 1770 1638; x_wconf 87' lang='lat' dir='ltr'>confinibus;</span> <span class='ocrx_word' id='word_1_127' title='bbox 1834 1561 2255 1649; x_wconf 84' lang='lat' dir='ltr'>vocavitque</span> <span class='ocrx_word' id='word_1_128' title='bbox 2329 1560 2681 1628; x_wconf 89' lang='lat' dir='ltr'>dominum</span> <span class='ocrx_word' id='word_1_129' title='bbox 2747 1558 3184 1627; x_wconf 89' lang='lat' dir='ltr'>Ludovicum</span> <span class='ocrx_word' id='word_1_130' title='bbox 3253 1556 3586 1625; x_wconf 88' lang='lat' dir='ltr'>Antinum</span> <span class='ocrx_word' id='word_1_131' title='bbox 3653 1557 4037 1646; x_wconf 88' lang='lat' dir='ltr'>relegatum</span> 
     </span>
    </p>

    <p class='ocr_par' dir='ltr' id='par_1_6' title="bbox 191 1665 4040 1863">
     <span class='ocr_line' id='line_1_13' title="bbox 191 1665 4040 1755; baseline -0 -23"><span class='ocrx_word' id='word_1_132' title='bbox 191 1670 264 1732; x_wconf 77' lang='lat' dir='ltr'>lo</span> <span class='ocrx_word' id='word_1_133' title='bbox 311 1668 531 1755; x_wconf 85' lang='lat' dir='ltr'>Burgi</span> <span class='ocrx_word' id='word_1_134' title='bbox 579 1669 803 1734; x_wconf 88' lang='lat' dir='ltr'>sancti</span> <span class='ocrx_word' id='word_1_135' title='bbox 862 1669 1169 1737; x_wconf 86' lang='lat' dir='ltr'>Donnini</span> <span class='ocrx_word' id='word_1_136' title='bbox 1215 1680 1286 1736; x_wconf 90' lang='lat' dir='ltr'>et</span> <span class='ocrx_word' id='word_1_137' title='bbox 1332 1691 1488 1735; x_wconf 92' lang='lat' dir='ltr'>eum</span> <span class='ocrx_word' id='word_1_138' title='bbox 1534 1668 1751 1736; x_wconf 86' lang='lat' dir='ltr'>voluit</span> <span class='ocrx_word' id='word_1_139' title='bbox 1795 1690 2081 1735; x_wconf 88' lang='lat' dir='ltr'>manere</span> <span class='ocrx_word' id='word_1_140' title='bbox 2128 1667 2199 1733; x_wconf 90' lang='lat' dir='ltr'>in</span> <span class='ocrx_word' id='word_1_141' title='bbox 2245 1666 2682 1735; x_wconf 87' lang='lat' dir='ltr'>Mediolano:</span> <span class='ocrx_word' id='word_1_142' title='bbox 2731 1679 2802 1734; x_wconf 92' lang='lat' dir='ltr'>et</span> <span class='ocrx_word' id='word_1_143' title='bbox 2844 1665 3182 1754; x_wconf 87' lang='lat' dir='ltr'>predictis</span> <span class='ocrx_word' id='word_1_144' title='bbox 3227 1686 3366 1731; x_wconf 90' lang='lat' dir='ltr'>non</span> <span class='ocrx_word' id='word_1_145' title='bbox 3413 1665 3846 1734; x_wconf 87' lang='lat' dir='ltr'>obstantibus</span> <span class='ocrx_word' id='word_1_146' title='bbox 3877 1686 4040 1732; x_wconf 85' lang='lat' dir='ltr'>exe·</span> 
     </span>
     <span class='ocr_line' id='line_1_14' title="bbox 311 1776 1587 1863; baseline 0.002 -24"><span class='ocrx_word' id='word_1_147' title='bbox 311 1786 477 1841; x_wconf 88' lang='lat' dir='ltr'>cuta</span> <span class='ocrx_word' id='word_1_148' title='bbox 526 1787 635 1842; x_wconf 90' lang='lat' dir='ltr'>est</span> <span class='ocrx_word' id='word_1_149' title='bbox 680 1776 1090 1842; x_wconf 88' lang='lat' dir='ltr'>sententiam</span> <span class='ocrx_word' id='word_1_150' title='bbox 1135 1776 1587 1863; x_wconf 85' lang='lat' dir='ltr'>sepedictam.</span> 
     </span>
    </p>

    <p class='ocr_par' dir='ltr' id='par_1_7' title="bbox 309 1880 4046 2184">
     <span class='ocr_line' id='line_1_15' title="bbox 496 1880 4042 1974; baseline 0 -27"><span class='ocrx_word' id='word_1_151' title='bbox 496 1881 771 1949; x_wconf 91' lang='lat' dir='ltr'>Eodem</span> <span class='ocrx_word' id='word_1_152' title='bbox 817 1903 1000 1949; x_wconf 90' lang='lat' dir='ltr'>anno</span> <span class='ocrx_word' id='word_1_153' title='bbox 1056 1882 1220 1955; x_wconf 85' lang='lat'>1478</span> <span class='ocrx_word' id='word_1_154' title='bbox 1270 1895 1343 1951; x_wconf 91' lang='lat' dir='ltr'>et</span> <span class='ocrx_word' id='word_1_155' title='bbox 1388 1884 1479 1950; x_wconf 89' lang='lat' dir='ltr'>de</span> <span class='ocrx_word' id='word_1_156' title='bbox 1525 1903 1763 1950; x_wconf 89' lang='lat' dir='ltr'>mense</span> <span class='ocrx_word' id='word_1_157' title='bbox 1809 1882 2169 1974; x_wconf 79' lang='lat' dir='ltr'>februarij,</span> <span class='ocrx_word' id='word_1_158' title='bbox 2215 1882 2546 1970; x_wconf 90' lang='lat' dir='ltr'>quoniam</span> <span class='ocrx_word' id='word_1_159' title='bbox 2591 1904 2634 1949; x_wconf 91' lang='lat' dir='ltr'>a</span> <span class='ocrx_word' id='word_1_160' title='bbox 2680 1880 2966 1950; x_wconf 85' lang='lat' dir='ltr'>civitate</span> <span class='ocrx_word' id='word_1_161' title='bbox 2995 1881 3243 1948; x_wconf 89' lang='lat' dir='ltr'>Parme</span> <span class='ocrx_word' id='word_1_162' title='bbox 3276 1881 3565 1949; x_wconf 88' lang='lat' dir='ltr'>aberant</span> <span class='ocrx_word' id='word_1_163' title='bbox 3609 1880 3806 1948; x_wconf 87' lang='lat' dir='ltr'>multi</span> <span class='ocrx_word' id='word_1_164' title='bbox 3852 1880 4042 1949; x_wconf 85' lang='lat' dir='ltr'>cives</span> 
     </span>
     <span class='ocr_line' id='line_1_16' title="bbox 309 1988 4046 2077; baseline -0 -22"><span class='ocrx_word' id='word_1_165' title='bbox 309 1990 400 2055; x_wconf 91' lang='lat' dir='ltr'>de</span> <span class='ocrx_word' id='word_1_166' title='bbox 450 1988 780 2057; x_wconf 87' lang='lat' dir='ltr'>omnibus</span> <span class='ocrx_word' id='word_1_167' title='bbox 826 1990 1167 2076; x_wconf 88' lang='lat' dir='ltr'>squadris,</span> <span class='ocrx_word' id='word_1_168' title='bbox 1216 1990 1554 2058; x_wconf 85' lang='lat' dir='ltr'>absentati</span> <span class='ocrx_word' id='word_1_169' title='bbox 1598 2001 1889 2077; x_wconf 89' lang='lat' dir='ltr'>propter</span> <span class='ocrx_word' id='word_1_170' title='bbox 1933 2002 2344 2058; x_wconf 82' lang='lat' dir='ltr'>memoratas</span> <span class='ocrx_word' id='word_1_171' title='bbox 2404 1990 2772 2068; x_wconf 85' lang='lat' dir='ltr'>novitates,</span> <span class='ocrx_word' id='word_1_172' title='bbox 2837 2001 2906 2056; x_wconf 90' lang='lat' dir='ltr'>et</span> <span class='ocrx_word' id='word_1_173' title='bbox 2951 1989 3145 2058; x_wconf 88' lang='lat' dir='ltr'>datia</span> <span class='ocrx_word' id='word_1_174' title='bbox 3197 2011 3473 2056; x_wconf 89' lang='lat' dir='ltr'>camere</span> <span class='ocrx_word' id='word_1_175' title='bbox 3521 1988 4046 2055; x_wconf 89' lang='lat' dir='ltr'>deterioraban-</span> 
     </span>
     <span class='ocr_line' id='line_1_17' title="bbox 314 2095 4039 2184; baseline 0 -24"><span class='ocrx_word' id='word_1_176' title='bbox 314 2107 455 2174; x_wconf 88' lang='lat' dir='ltr'>tur,</span> <span class='ocrx_word' id='word_1_177' title='bbox 526 2106 734 2181; x_wconf 88' lang='lat' dir='ltr'>parte</span> <span class='ocrx_word' id='word_1_178' title='bbox 803 2095 1069 2163; x_wconf 89' lang='lat' dir='ltr'>domini</span> <span class='ocrx_word' id='word_1_179' title='bbox 1134 2095 1623 2184; x_wconf 87' lang='lat' dir='ltr'>gubernatoris</span> <span class='ocrx_word' id='word_1_180' title='bbox 1682 2119 1770 2164; x_wconf 87' lang='lat' dir='ltr'>ex</span> <span class='ocrx_word' id='word_1_181' title='bbox 1823 2096 2262 2163; x_wconf 89' lang='lat' dir='ltr'>ordinatione</span> <span class='ocrx_word' id='word_1_182' title='bbox 2327 2096 2561 2163; x_wconf 90' lang='lat' dir='ltr'>ducali</span> <span class='ocrx_word' id='word_1_183' title='bbox 2623 2096 2812 2163; x_wconf 80' lang='lat' dir='ltr'>facte</span> <span class='ocrx_word' id='word_1_184' title='bbox 2874 2107 3035 2163; x_wconf 91' lang='lat' dir='ltr'>sunt</span> <span class='ocrx_word' id='word_1_185' title='bbox 3095 2095 3374 2182; x_wconf 89' lang='lat' dir='ltr'>publice</span> <span class='ocrx_word' id='word_1_186' title='bbox 3433 2095 4039 2182; x_wconf 86' lang='lat' dir='ltr'>proclamationes,</span> 
     </span>
    </p>

    <p class='ocr_par' dir='ltr' id='par_1_8' title="bbox 188 2200 4034 2398">
     <span class='ocr_line' id='line_1_18' title="bbox 188 2200 4034 2290; baseline 0 -25"><span class='ocrx_word' id='word_1_187' title='bbox 188 2202 261 2265; x_wconf 86' lang='lat'>15</span> <span class='ocrx_word' id='word_1_188' title='bbox 310 2204 512 2288; x_wconf 89' lang='lat' dir='ltr'>quod</span> <span class='ocrx_word' id='word_1_189' title='bbox 560 2200 855 2288; x_wconf 89' lang='lat' dir='ltr'>quilibet</span> <span class='ocrx_word' id='word_1_190' title='bbox 902 2201 1302 2269; x_wconf 87' lang='lat' dir='ltr'>absentatus</span> <span class='ocrx_word' id='word_1_191' title='bbox 1345 2225 1389 2269; x_wconf 88' lang='lat' dir='ltr'>a</span> <span class='ocrx_word' id='word_1_192' title='bbox 1434 2203 1720 2272; x_wconf 88' lang='lat' dir='ltr'>civitate</span> <span class='ocrx_word' id='word_1_193' title='bbox 1769 2204 2056 2271; x_wconf 87' lang='lat' dir='ltr'>deberet</span> <span class='ocrx_word' id='word_1_194' title='bbox 2099 2204 2288 2269; x_wconf 81' lang='lat' dir='ltr'>infra</span> <span class='ocrx_word' id='word_1_195' title='bbox 2334 2203 2733 2290; x_wconf 91' lang='lat' dir='ltr'>quindecim</span> <span class='ocrx_word' id='word_1_196' title='bbox 2781 2204 2933 2270; x_wconf 88' lang='lat' dir='ltr'>dies</span> <span class='ocrx_word' id='word_1_197' title='bbox 2978 2222 3132 2270; x_wconf 90' lang='lat' dir='ltr'>com</span> <span class='ocrx_word' id='word_1_198' title='bbox 3178 2203 3445 2268; x_wconf 79' lang='lat' dir='ltr'>familia</span> <span class='ocrx_word' id='word_1_199' title='bbox 3491 2222 3614 2267; x_wconf 86' lang='lat' dir='ltr'>sua</span> <span class='ocrx_word' id='word_1_200' title='bbox 3658 2201 3910 2269; x_wconf 89' lang='lat' dir='ltr'>reverti</span> <span class='ocrx_word' id='word_1_201' title='bbox 3957 2201 4034 2267; x_wconf 91' lang='lat' dir='ltr'>in</span> 
     </span>
     <span class='ocr_line' id='line_1_19' title="bbox 313 2307 3455 2398; baseline 0.001 -26"><span class='ocrx_word' id='word_1_202' title='bbox 313 2308 608 2375; x_wconf 85' lang='lat' dir='ltr'>civitate</span> <span class='ocrx_word' id='word_1_203' title='bbox 640 2307 768 2375; x_wconf 88' lang='lat' dir='ltr'>sub</span> <span class='ocrx_word' id='word_1_204' title='bbox 812 2330 999 2394; x_wconf 83' lang='lat' dir='ltr'>pena</span> <span class='ocrx_word' id='word_1_205' title='bbox 1043 2309 1476 2388; x_wconf 85' lang='lat' dir='ltr'>rebellionis3</span> <span class='ocrx_word' id='word_1_206' title='bbox 1525 2332 1613 2378; x_wconf 83' lang='lat' dir='ltr'>ex</span> <span class='ocrx_word' id='word_1_207' title='bbox 1659 2331 1796 2398; x_wconf 92' lang='lat' dir='ltr'>quo</span> <span class='ocrx_word' id='word_1_208' title='bbox 1843 2330 2105 2388; x_wconf 88' lang='lat' dir='ltr'>omnes,</span> <span class='ocrx_word' id='word_1_209' title='bbox 2150 2310 2446 2377; x_wconf 81' lang='lat' dir='ltr'>maxime</span> <span class='ocrx_word' id='word_1_210' title='bbox 2493 2309 2660 2377; x_wconf 89' lang='lat' dir='ltr'>boni</span> <span class='ocrx_word' id='word_1_211' title='bbox 2707 2309 2919 2388; x_wconf 88' lang='lat' dir='ltr'>cives,</span> <span class='ocrx_word' id='word_1_212' title='bbox 2965 2308 3230 2375; x_wconf 85' lang='lat' dir='ltr'>reversi</span> <span class='ocrx_word' id='word_1_213' title='bbox 3274 2320 3455 2375; x_wconf 87' lang='lat' dir='ltr'>sunt.</span> 
     </span>
    </p>

    <p class='ocr_par' dir='ltr' id='par_1_9' title="bbox 312 2415 4044 2720">
     <span class='ocr_line' id='line_1_20' title="bbox 492 2415 4039 2505; baseline 0.001 -25"><span class='ocrx_word' id='word_1_214' title='bbox 492 2415 769 2481; x_wconf 89' lang='lat' dir='ltr'>Eodem</span> <span class='ocrx_word' id='word_1_215' title='bbox 812 2434 996 2481; x_wconf 89' lang='lat' dir='ltr'>anno</span> <span class='ocrx_word' id='word_1_216' title='bbox 1052 2415 1217 2487; x_wconf 84' lang='lat'>1478</span> <span class='ocrx_word' id='word_1_217' title='bbox 1253 2417 1343 2483; x_wconf 91' lang='lat' dir='ltr'>de</span> <span class='ocrx_word' id='word_1_218' title='bbox 1373 2439 1611 2485; x_wconf 86' lang='lat' dir='ltr'>mense</span> <span class='ocrx_word' id='word_1_219' title='bbox 1643 2416 1908 2505; x_wconf 86' lang='lat' dir='ltr'>aprillis</span> <span class='ocrx_word' id='word_1_220' title='bbox 1939 2437 2098 2483; x_wconf 90' lang='lat' dir='ltr'>cum</span> <span class='ocrx_word' id='word_1_221' title='bbox 2131 2416 2451 2484; x_wconf 89' lang='lat' dir='ltr'>dominus</span> <span class='ocrx_word' id='word_1_222' title='bbox 2481 2416 2835 2484; x_wconf 87' lang='lat' dir='ltr'>Robertus</span> <span class='ocrx_word' id='word_1_223' title='bbox 2867 2438 2955 2482; x_wconf 85' lang='lat' dir='ltr'>ex</span> <span class='ocrx_word' id='word_1_224' title='bbox 2985 2416 3249 2484; x_wconf 89' lang='lat' dir='ltr'>Sancto</span> <span class='ocrx_word' id='word_1_225' title='bbox 3282 2415 3621 2482; x_wconf 86' lang='lat' dir='ltr'>Severino</span> <span class='ocrx_word' id='word_1_226' title='bbox 3653 2416 3726 2482; x_wconf 93' lang='lat' dir='ltr'>in</span> <span class='ocrx_word' id='word_1_227' title='bbox 3757 2416 4039 2484; x_wconf 90' lang='lat' dir='ltr'>civitate</span> 
     </span>
     <span class='ocr_line' id='line_1_21' title="bbox 312 2520 4044 2613; baseline 0 -26"><span class='ocrx_word' id='word_1_228' title='bbox 312 2520 473 2588; x_wconf 85' lang='lat' dir='ltr'>Asti</span> <span class='ocrx_word' id='word_1_229' title='bbox 524 2532 711 2588; x_wconf 90' lang='lat' dir='ltr'>esset</span> <span class='ocrx_word' id='word_1_230' title='bbox 756 2533 829 2588; x_wconf 90' lang='lat' dir='ltr'>et</span> <span class='ocrx_word' id='word_1_231' title='bbox 874 2524 1345 2590; x_wconf 79' lang='lat' dir='ltr'>consuevisset</span> <span class='ocrx_word' id='word_1_232' title='bbox 1388 2524 1662 2613; x_wconf 89' lang='lat' dir='ltr'>singulo</span> <span class='ocrx_word' id='word_1_233' title='bbox 1708 2524 1823 2591; x_wconf 91' lang='lat' dir='ltr'>die</span> <span class='ocrx_word' id='word_1_234' title='bbox 1870 2523 2146 2591; x_wconf 88' lang='lat' dir='ltr'>missam</span> <span class='ocrx_word' id='word_1_235' title='bbox 2191 2524 2432 2590; x_wconf 87' lang='lat' dir='ltr'>audire</span> <span class='ocrx_word' id='word_1_236' title='bbox 2478 2524 2553 2589; x_wconf 92' lang='lat' dir='ltr'>in</span> <span class='ocrx_word' id='word_1_237' title='bbox 2617 2524 2917 2611; x_wconf 90' lang='lat' dir='ltr'>quadam</span> <span class='ocrx_word' id='word_1_238' title='bbox 2978 2523 3273 2610; x_wconf 88' lang='lat' dir='ltr'>capella,</span> <span class='ocrx_word' id='word_1_239' title='bbox 3335 2522 3472 2589; x_wconf 81' lang='lat' dir='ltr'>fuit</span> <span class='ocrx_word' id='word_1_240' title='bbox 3530 2521 3938 2591; x_wconf 89' lang='lat' dir='ltr'>observatus</span> <span class='ocrx_word' id='word_1_241' title='bbox 4001 2543 4044 2588; x_wconf 90' lang='lat' dir='ltr'>a</span> 
     </span>
     <span class='ocr_line' id='line_1_22' title="bbox 314 2627 4043 2720; baseline 0 -25"><span class='ocrx_word' id='word_1_242' title='bbox 314 2641 620 2716; x_wconf 87' lang='lat' dir='ltr'>quatuor</span> <span class='ocrx_word' id='word_1_243' title='bbox 661 2627 1062 2720; x_wconf 83' lang='lat' dir='ltr'>ballistarijs</span> <span class='ocrx_word' id='word_1_244' title='bbox 1108 2630 1493 2710; x_wconf 88' lang='lat' dir='ltr'>ducalibus,</span> <span class='ocrx_word' id='word_1_245' title='bbox 1563 2632 1682 2719; x_wconf 89' lang='lat' dir='ltr'>qui</span> <span class='ocrx_word' id='word_1_246' title='bbox 1753 2631 2038 2699; x_wconf 89' lang='lat' dir='ltr'>omnino</span> <span class='ocrx_word' id='word_1_247' title='bbox 2098 2630 2291 2697; x_wconf 89' lang='lat' dir='ltr'>illum</span> <span class='ocrx_word' id='word_1_248' title='bbox 2353 2630 2654 2719; x_wconf 86' lang='lat' dir='ltr'>sagitare</span> <span class='ocrx_word' id='word_1_249' title='bbox 2716 2629 3063 2697; x_wconf 84' lang='lat' dir='ltr'>volebant.</span> <span class='ocrx_word' id='word_1_250' title='bbox 3155 2629 3301 2699; x_wconf 88' lang='lat' dir='ltr'>Sed</span> <span class='ocrx_word' id='word_1_251' title='bbox 3363 2630 3452 2697; x_wconf 91' lang='lat' dir='ltr'>de</span> <span class='ocrx_word' id='word_1_252' title='bbox 3512 2630 3648 2697; x_wconf 91' lang='lat' dir='ltr'>hoc</span> <span class='ocrx_word' id='word_1_253' title='bbox 3709 2630 4043 2716; x_wconf 85' lang='lat' dir='ltr'>previsus,</span> 
     </span>
    </p>

    <p class='ocr_par' dir='ltr' id='par_1_10' title="bbox 186 2735 4044 2930">
     <span class='ocr_line' id='line_1_23' title="bbox 186 2735 4044 2826; baseline 0.001 -27"><span class='ocrx_word' id='word_1_254' title='bbox 186 2737 271 2800; x_wconf 85' lang='lat'>20</span> <span class='ocrx_word' id='word_1_255' title='bbox 319 2756 441 2802; x_wconf 82' lang='lat' dir='ltr'>eos</span> <span class='ocrx_word' id='word_1_256' title='bbox 492 2735 655 2822; x_wconf 89' lang='lat' dir='ltr'>capi</span> <span class='ocrx_word' id='word_1_257' title='bbox 701 2747 772 2802; x_wconf 92' lang='lat' dir='ltr'>et</span> <span class='ocrx_word' id='word_1_258' title='bbox 814 2735 1036 2804; x_wconf 77' lang='lat' dir='ltr'>furcis</span> <span class='ocrx_word' id='word_1_259' title='bbox 1081 2737 1387 2823; x_wconf 89' lang='lat' dir='ltr'>appendi</span> <span class='ocrx_word' id='word_1_260' title='bbox 1432 2737 1629 2818; x_wconf 83' lang='lat' dir='ltr'>fecit,</span> <span class='ocrx_word' id='word_1_261' title='bbox 1676 2760 1719 2805; x_wconf 90' lang='lat' dir='ltr'>a</span> <span class='ocrx_word' id='word_1_262' title='bbox 1763 2758 1902 2826; x_wconf 91' lang='lat' dir='ltr'>quo</span> <span class='ocrx_word' id='word_1_263' title='bbox 1946 2750 2265 2825; x_wconf 88' lang='lat' dir='ltr'>tempore</span> <span class='ocrx_word' id='word_1_264' title='bbox 2312 2738 2493 2806; x_wconf 88' lang='lat' dir='ltr'>citra</span> <span class='ocrx_word' id='word_1_265' title='bbox 2537 2758 2815 2824; x_wconf 84' lang='lat' dir='ltr'>semper</span> <span class='ocrx_word' id='word_1_266' title='bbox 2843 2736 3030 2805; x_wconf 88' lang='lat' dir='ltr'>stetit</span> <span class='ocrx_word' id='word_1_267' title='bbox 3062 2755 3218 2803; x_wconf 88' lang='lat' dir='ltr'>com</span> <span class='ocrx_word' id='word_1_268' title='bbox 3248 2737 3546 2803; x_wconf 84' lang='lat' dir='ltr'>maxima</span> <span class='ocrx_word' id='word_1_269' title='bbox 3575 2735 3888 2825; x_wconf 77' lang='lat' dir='ltr'>guardia,</span> <span class='ocrx_word' id='word_1_270' title='bbox 3920 2736 4044 2803; x_wconf 88' lang='lat' dir='ltr'>sed</span> 
     </span>
     <span class='ocr_line' id='line_1_24' title="bbox 318 2842 2804 2930; baseline 0.006 -23"><span class='ocrx_word' id='word_1_271' title='bbox 318 2842 633 2908; x_wconf 87' lang='lat' dir='ltr'>nondum</span> <span class='ocrx_word' id='word_1_272' title='bbox 679 2855 967 2909; x_wconf 88' lang='lat' dir='ltr'>venerat</span> <span class='ocrx_word' id='word_1_273' title='bbox 1013 2855 1281 2930; x_wconf 90' lang='lat' dir='ltr'>tempus</span> <span class='ocrx_word' id='word_1_274' title='bbox 1326 2843 1482 2910; x_wconf 89' lang='lat' dir='ltr'>finis</span> <span class='ocrx_word' id='word_1_275' title='bbox 1525 2845 1652 2912; x_wconf 88' lang='lat' dir='ltr'>sui.</span> <span class='ocrx_word' id='word_1_276' title='bbox 2795 2908 2804 2921; x_wconf 94' lang='lat'>.</span> 
     </span>
    </p>

    <p class='ocr_par' dir='ltr' id='par_1_11' title="bbox 314 2949 4044 3254">
     <span class='ocr_line' id='line_1_25' title="bbox 493 2949 4044 3040; baseline 0 -26"><span class='ocrx_word' id='word_1_277' title='bbox 493 2949 774 3015; x_wconf 90' lang='lat' dir='ltr'>Eodem</span> <span class='ocrx_word' id='word_1_278' title='bbox 818 2970 1058 3015; x_wconf 89' lang='lat' dir='ltr'>mense</span> <span class='ocrx_word' id='word_1_279' title='bbox 1103 2950 1369 3036; x_wconf 90' lang='lat' dir='ltr'>aprillis</span> <span class='ocrx_word' id='word_1_280' title='bbox 1413 2951 1647 3017; x_wconf 89' lang='lat' dir='ltr'>adhuc</span> <span class='ocrx_word' id='word_1_281' title='bbox 1694 2951 1986 3020; x_wconf 88' lang='lat' dir='ltr'>durante</span> <span class='ocrx_word' id='word_1_282' title='bbox 2032 2952 2242 3020; x_wconf 89' lang='lat' dir='ltr'>offitio</span> <span class='ocrx_word' id='word_1_283' title='bbox 2312 2950 2787 3038; x_wconf 88' lang='lat' dir='ltr'>capitaneatus</span> <span class='ocrx_word' id='word_1_284' title='bbox 2848 2951 3306 3038; x_wconf 87' lang='lat' dir='ltr'>suprascripti</span> <span class='ocrx_word' id='word_1_285' title='bbox 3368 2951 3630 3018; x_wconf 88' lang='lat' dir='ltr'>domini</span> <span class='ocrx_word' id='word_1_286' title='bbox 3680 2951 4044 3040; x_wconf 84' lang='lat' dir='ltr'>Jeronimi,</span> 
     </span>
     <span class='ocr_line' id='line_1_26' title="bbox 318 3054 4039 3145; baseline 0.001 -26"><span class='ocrx_word' id='word_1_287' title='bbox 318 3074 480 3120; x_wconf 92' lang='lat' dir='ltr'>cum</span> <span class='ocrx_word' id='word_1_288' title='bbox 528 3054 831 3142; x_wconf 87' lang='lat' dir='ltr'>cepisset</span> <span class='ocrx_word' id='word_1_289' title='bbox 875 3057 1213 3144; x_wconf 83' lang='lat' dir='ltr'>quosdam</span> <span class='ocrx_word' id='word_1_290' title='bbox 1280 3056 1522 3124; x_wconf 85' lang='lat' dir='ltr'>barros</span> <span class='ocrx_word' id='word_1_291' title='bbox 1585 3071 1879 3125; x_wconf 88' lang='lat' dir='ltr'>mortem</span> <span class='ocrx_word' id='word_1_292' title='bbox 1948 3071 2446 3144; x_wconf 88' lang='lat' dir='ltr'>promerentes,</span> <span class='ocrx_word' id='word_1_293' title='bbox 2514 3079 2635 3125; x_wconf 88' lang='lat' dir='ltr'>eos</span> <span class='ocrx_word' id='word_1_294' title='bbox 2701 3059 2849 3145; x_wconf 89' lang='lat' dir='ltr'>ipse</span> <span class='ocrx_word' id='word_1_295' title='bbox 2918 3058 3262 3138; x_wconf 87' lang='lat' dir='ltr'>liberavit,</span> <span class='ocrx_word' id='word_1_296' title='bbox 3311 3069 3677 3144; x_wconf 85' lang='lat' dir='ltr'>corruptus</span> <span class='ocrx_word' id='word_1_297' title='bbox 3718 3058 4039 3124; x_wconf 87' lang='lat' dir='ltr'>ducentis</span> 
     </span>
     <span class='ocr_line' id='line_1_27' title="bbox 314 3159 4042 3254; baseline 0.001 -27"><span class='ocrx_word' id='word_1_298' title='bbox 314 3163 572 3229; x_wconf 87' lang='lat' dir='ltr'>aureis.</span> <span class='ocrx_word' id='word_1_299' title='bbox 666 3159 882 3238; x_wconf 87' lang='lat' dir='ltr'>Quod</span> <span class='ocrx_word' id='word_1_300' title='bbox 944 3162 1249 3230; x_wconf 89' lang='lat' dir='ltr'>delatum</span> <span class='ocrx_word' id='word_1_301' title='bbox 1311 3177 1419 3232; x_wconf 88' lang='lat' dir='ltr'>est</span> <span class='ocrx_word' id='word_1_302' title='bbox 1477 3165 1759 3233; x_wconf 91' lang='lat' dir='ltr'>domine</span> <span class='ocrx_word' id='word_1_303' title='bbox 1822 3165 2119 3246; x_wconf 87' lang='lat' dir='ltr'>ducisse,</span> <span class='ocrx_word' id='word_1_304' title='bbox 2183 3188 2319 3254; x_wconf 89' lang='lat' dir='ltr'>que</span> <span class='ocrx_word' id='word_1_305' title='bbox 2381 3165 2674 3233; x_wconf 89' lang='lat' dir='ltr'>veritate</span> <span class='ocrx_word' id='word_1_306' title='bbox 2739 3177 3096 3251; x_wconf 89' lang='lat' dir='ltr'>comperta</span> <span class='ocrx_word' id='word_1_307' title='bbox 3158 3165 3345 3232; x_wconf 91' lang='lat' dir='ltr'>illico</span> <span class='ocrx_word' id='word_1_308' title='bbox 3404 3163 3708 3251; x_wconf 86' lang='lat' dir='ltr'>privavit</span> <span class='ocrx_word' id='word_1_309' title='bbox 3768 3163 4042 3250; x_wconf 88' lang='lat' dir='ltr'>vitupe-</span> 
     </span>
    </p>

    <p class='ocr_par' dir='ltr' id='par_1_12' title="bbox 186 3267 4045 3788">
     <span class='ocr_line' id='line_1_28' title="bbox 186 3267 4041 3360; baseline 0.001 -26"><span class='ocrx_word' id='word_1_310' title='bbox 186 3267 267 3334; x_wconf 89' lang='lat'>25</span> <span class='ocrx_word' id='word_1_311' title='bbox 316 3290 473 3336; x_wconf 87' lang='lat' dir='ltr'>rose</span> <span class='ocrx_word' id='word_1_312' title='bbox 543 3270 767 3356; x_wconf 90' lang='lat' dir='ltr'>ipsum</span> <span class='ocrx_word' id='word_1_313' title='bbox 838 3269 1197 3337; x_wconf 90' lang='lat' dir='ltr'>dominum</span> <span class='ocrx_word' id='word_1_314' title='bbox 1217 3269 1232 3300; x_wconf 91' lang='lat'>&#39;</span> <span class='ocrx_word' id='word_1_315' title='bbox 1276 3271 1702 3357; x_wconf 89' lang='lat' dir='ltr'>Jeronimum</span> <span class='ocrx_word' id='word_1_316' title='bbox 1749 3292 1792 3337; x_wconf 89' lang='lat' dir='ltr'>a</span> <span class='ocrx_word' id='word_1_317' title='bbox 1838 3272 2026 3341; x_wconf 86' lang='lat' dir='ltr'>dicto</span> <span class='ocrx_word' id='word_1_318' title='bbox 2073 3272 2300 3341; x_wconf 91' lang='lat' dir='ltr'>officio</span> <span class='ocrx_word' id='word_1_319' title='bbox 2343 3285 2415 3341; x_wconf 91' lang='lat' dir='ltr'>et</span> <span class='ocrx_word' id='word_1_320' title='bbox 2457 3272 2679 3360; x_wconf 89' lang='lat' dir='ltr'>ipsum</span> <span class='ocrx_word' id='word_1_321' title='bbox 2742 3272 2902 3339; x_wconf 90' lang='lat' dir='ltr'>duci</span> <span class='ocrx_word' id='word_1_322' title='bbox 2959 3271 3135 3339; x_wconf 81' lang='lat' dir='ltr'>fecit</span> <span class='ocrx_word' id='word_1_323' title='bbox 3193 3293 3237 3336; x_wconf 85' lang='lat' dir='ltr'>a</span> <span class='ocrx_word' id='word_1_324' title='bbox 3294 3271 3643 3338; x_wconf 89' lang='lat' dir='ltr'>nonnullis</span> <span class='ocrx_word' id='word_1_325' title='bbox 3701 3270 4041 3357; x_wconf 89' lang='lat' dir='ltr'>provisio-</span> 
     </span>
     <span class='ocr_line' id='line_1_29' title="bbox 317 3375 4044 3467; baseline 0 -26"><span class='ocrx_word' id='word_1_326' title='bbox 317 3377 500 3443; x_wconf 88' lang='lat' dir='ltr'>natis</span> <span class='ocrx_word' id='word_1_327' title='bbox 544 3397 675 3464; x_wconf 87' lang='lat' dir='ltr'>per</span> <span class='ocrx_word' id='word_1_328' title='bbox 718 3377 1076 3444; x_wconf 87' lang='lat' dir='ltr'>civitatem</span> <span class='ocrx_word' id='word_1_329' title='bbox 1122 3378 1196 3443; x_wconf 89' lang='lat' dir='ltr'>in</span> <span class='ocrx_word' id='word_1_330' title='bbox 1243 3391 1492 3446; x_wconf 88' lang='lat' dir='ltr'>castro.</span> <span class='ocrx_word' id='word_1_331' title='bbox 1585 3379 1905 3467; x_wconf 90' lang='lat' dir='ltr'>Dumque</span> <span class='ocrx_word' id='word_1_332' title='bbox 1953 3380 2054 3446; x_wconf 89' lang='lat' dir='ltr'>sic</span> <span class='ocrx_word' id='word_1_333' title='bbox 2103 3380 2497 3459; x_wconf 89' lang='lat' dir='ltr'>duceretur,</span> <span class='ocrx_word' id='word_1_334' title='bbox 2545 3379 2846 3446; x_wconf 86' lang='lat' dir='ltr'>artifices</span> <span class='ocrx_word' id='word_1_335' title='bbox 2891 3389 3049 3465; x_wconf 89' lang='lat' dir='ltr'>post</span> <span class='ocrx_word' id='word_1_336' title='bbox 3091 3379 3316 3465; x_wconf 89' lang='lat' dir='ltr'>ipsum</span> <span class='ocrx_word' id='word_1_337' title='bbox 3380 3376 3772 3444; x_wconf 87' lang='lat' dir='ltr'>clamabant</span> <span class='ocrx_word' id='word_1_338' title='bbox 3827 3375 4044 3464; x_wconf 87' lang='lat' dir='ltr'>“Api-</span> 
     </span>
     <span class='ocr_line' id='line_1_30' title="bbox 314 3481 4044 3574; baseline 0.001 -25"><span class='ocrx_word' id='word_1_339' title='bbox 314 3484 454 3549; x_wconf 88' lang='lat' dir='ltr'>cha</span> <span class='ocrx_word' id='word_1_340' title='bbox 501 3481 573 3549; x_wconf 90' lang='lat' dir='ltr'>el</span> <span class='ocrx_word' id='word_1_341' title='bbox 613 3483 851 3552; x_wconf 85' lang='lat' dir='ltr'>ladro:</span> <span class='ocrx_word' id='word_1_342' title='bbox 900 3484 993 3551; x_wconf 75' lang='lat' dir='ltr'>da</span> <span class='ocrx_word' id='word_1_343' title='bbox 1033 3484 1101 3551; x_wconf 88' lang='lat' dir='ltr'>al</span> <span class='ocrx_word' id='word_1_344' title='bbox 1146 3484 1346 3552; x_wconf 91' lang='lat' dir='ltr'>ladro</span> <span class='ocrx_word' id='word_1_345' title='bbox 1374 3532 1436 3566; x_wconf 86' lang='lat'>„.</span> <span class='ocrx_word' id='word_1_346' title='bbox 1526 3485 1794 3553; x_wconf 88' lang='lat' dir='ltr'>Ductus</span> <span class='ocrx_word' id='word_1_347' title='bbox 1855 3486 1929 3552; x_wconf 90' lang='lat' dir='ltr'>in</span> <span class='ocrx_word' id='word_1_348' title='bbox 1991 3498 2217 3555; x_wconf 86' lang='lat' dir='ltr'>castro</span> <span class='ocrx_word' id='word_1_349' title='bbox 2284 3487 2678 3574; x_wconf 87' lang='lat' dir='ltr'>detemptus</span> <span class='ocrx_word' id='word_1_350' title='bbox 2747 3485 2884 3555; x_wconf 76' lang='lat' dir='ltr'>fuit</span> <span class='ocrx_word' id='word_1_351' title='bbox 2953 3496 3024 3553; x_wconf 90' lang='lat' dir='ltr'>et</span> <span class='ocrx_word' id='word_1_352' title='bbox 3090 3483 3388 3572; x_wconf 85' lang='lat' dir='ltr'>prestitit</span> <span class='ocrx_word' id='word_1_353' title='bbox 3432 3481 3908 3552; x_wconf 89' lang='lat' dir='ltr'>fideiussorem</span> <span class='ocrx_word' id='word_1_354' title='bbox 3954 3484 4044 3553; x_wconf 87' lang='lat' dir='ltr'>de</span> 
     </span>
     <span class='ocr_line' id='line_1_31' title="bbox 314 3590 4045 3678; baseline 0 -22"><span class='ocrx_word' id='word_1_355' title='bbox 314 3590 662 3659; x_wconf 87' lang='lat' dir='ltr'>solvendo</span> <span class='ocrx_word' id='word_1_356' title='bbox 706 3603 931 3658; x_wconf 89' lang='lat' dir='ltr'>ratam</span> <span class='ocrx_word' id='word_1_357' title='bbox 978 3590 1110 3658; x_wconf 91' lang='lat' dir='ltr'>sibi</span> <span class='ocrx_word' id='word_1_358' title='bbox 1156 3603 1462 3659; x_wconf 83' lang='lat' dir='ltr'>taxatam</span> <span class='ocrx_word' id='word_1_359' title='bbox 1507 3593 1861 3660; x_wconf 88' lang='lat' dir='ltr'>sacomani</span> <span class='ocrx_word' id='word_1_360' title='bbox 1908 3593 2316 3661; x_wconf 91' lang='lat' dir='ltr'>Rubeorum</span> <span class='ocrx_word' id='word_1_361' title='bbox 2361 3594 2547 3659; x_wconf 82' lang='lat' dir='ltr'>infra</span> <span class='ocrx_word' id='word_1_362' title='bbox 2592 3614 2920 3660; x_wconf 90' lang='lat' dir='ltr'>mensem.</span> <span class='ocrx_word' id='word_1_363' title='bbox 3011 3591 3351 3659; x_wconf 84' lang='lat' dir='ltr'>Dominus</span> <span class='ocrx_word' id='word_1_364' title='bbox 3403 3603 3633 3658; x_wconf 88' lang='lat' dir='ltr'>autem</span> <span class='ocrx_word' id='word_1_365' title='bbox 3690 3590 4045 3678; x_wconf 85' lang='lat' dir='ltr'>Johannes</span> 
     </span>
     <span class='ocr_line' id='line_1_32' title="bbox 320 3695 4042 3788; baseline 0 -26"><span class='ocrx_word' id='word_1_366' title='bbox 320 3697 411 3762; x_wconf 91' lang='lat' dir='ltr'>de</span> <span class='ocrx_word' id='word_1_367' title='bbox 463 3696 824 3783; x_wconf 88' lang='lat' dir='ltr'>Scipiono,</span> <span class='ocrx_word' id='word_1_368' title='bbox 888 3697 1007 3784; x_wconf 89' lang='lat' dir='ltr'>qui</span> <span class='ocrx_word' id='word_1_369' title='bbox 1069 3697 1200 3767; x_wconf 90' lang='lat' dir='ltr'>sibi</span> <span class='ocrx_word' id='word_1_370' title='bbox 1246 3698 1692 3779; x_wconf 90' lang='lat' dir='ltr'>amicabatur,</span> <span class='ocrx_word' id='word_1_371' title='bbox 1738 3700 1874 3767; x_wconf 89' lang='lat' dir='ltr'>hoc</span> <span class='ocrx_word' id='word_1_372' title='bbox 1939 3719 2103 3788; x_wconf 86' lang='lat' dir='ltr'>egre</span> <span class='ocrx_word' id='word_1_373' title='bbox 2167 3700 2321 3768; x_wconf 92' lang='lat' dir='ltr'>tulit</span> <span class='ocrx_word' id='word_1_374' title='bbox 2382 3711 2455 3767; x_wconf 89' lang='lat' dir='ltr'>et</span> <span class='ocrx_word' id='word_1_375' title='bbox 2515 3700 2588 3764; x_wconf 89' lang='lat' dir='ltr'>in</span> <span class='ocrx_word' id='word_1_376' title='bbox 2650 3698 2797 3766; x_wconf 90' lang='lat' dir='ltr'>eius</span> <span class='ocrx_word' id='word_1_377' title='bbox 2865 3697 3272 3765; x_wconf 82' lang='lat' dir='ltr'>defensione</span> <span class='ocrx_word' id='word_1_378' title='bbox 3335 3695 3552 3765; x_wconf 87' lang='lat' dir='ltr'>verba</span> <span class='ocrx_word' id='word_1_379' title='bbox 3596 3695 3838 3764; x_wconf 88' lang='lat' dir='ltr'>habuit</span> <span class='ocrx_word' id='word_1_380' title='bbox 3885 3716 4042 3763; x_wconf 89' lang='lat' dir='ltr'>com</span> 
     </span>
    </p>

    <p class='ocr_par' dir='ltr' id='par_1_13' title="bbox 187 3801 4048 4320">
     <span class='ocr_line' id='line_1_33' title="bbox 187 3801 4044 3893; baseline 0 -25"><span class='ocrx_word' id='word_1_381' title='bbox 187 3804 270 3868; x_wconf 79' lang='lat'>30</span> <span class='ocrx_word' id='word_1_382' title='bbox 315 3801 673 3888; x_wconf 87' lang='lat' dir='ltr'>aliquibus</span> <span class='ocrx_word' id='word_1_383' title='bbox 734 3802 825 3869; x_wconf 91' lang='lat' dir='ltr'>de</span> <span class='ocrx_word' id='word_1_384' title='bbox 888 3803 1182 3871; x_wconf 87' lang='lat' dir='ltr'>consilio</span> <span class='ocrx_word' id='word_1_385' title='bbox 1243 3815 1457 3872; x_wconf 87' lang='lat' dir='ltr'>status</span> <span class='ocrx_word' id='word_1_386' title='bbox 1517 3816 1588 3873; x_wconf 90' lang='lat' dir='ltr'>et</span> <span class='ocrx_word' id='word_1_387' title='bbox 1649 3806 1741 3874; x_wconf 94' lang='lat' dir='ltr'>ob</span> <span class='ocrx_word' id='word_1_388' title='bbox 1801 3805 1937 3874; x_wconf 91' lang='lat' dir='ltr'>hoc</span> <span class='ocrx_word' id='word_1_389' title='bbox 2001 3807 2229 3873; x_wconf 89' lang='lat' dir='ltr'>mitius</span> <span class='ocrx_word' id='word_1_390' title='bbox 2274 3818 2509 3873; x_wconf 90' lang='lat' dir='ltr'>actum</span> <span class='ocrx_word' id='word_1_391' title='bbox 2556 3817 2660 3873; x_wconf 87' lang='lat' dir='ltr'>est</span> <span class='ocrx_word' id='word_1_392' title='bbox 2704 3825 2838 3872; x_wconf 88' lang='lat' dir='ltr'>con</span> <span class='ocrx_word' id='word_1_393' title='bbox 2883 3806 3036 3891; x_wconf 89' lang='lat' dir='ltr'>ipso</span> <span class='ocrx_word' id='word_1_394' title='bbox 3106 3804 3393 3871; x_wconf 90' lang='lat' dir='ltr'>domino</span> <span class='ocrx_word' id='word_1_395' title='bbox 3462 3804 3820 3893; x_wconf 89' lang='lat' dir='ltr'>Jeronimo</span> <span class='ocrx_word' id='word_1_396' title='bbox 3831 3828 3850 3882; x_wconf 84' lang='lat'><em>3</em></span> <span class='ocrx_word' id='word_1_397' title='bbox 3917 3804 4044 3869; x_wconf 86' lang='lat' dir='ltr'>sed</span> 
     </span>
     <span class='ocr_line' id='line_1_34' title="bbox 319 3909 4041 4002; baseline 0 -28"><span class='ocrx_word' id='word_1_398' title='bbox 319 3909 786 3976; x_wconf 87' lang='lat' dir='ltr'>deliberatum</span> <span class='ocrx_word' id='word_1_399' title='bbox 830 3910 968 3976; x_wconf 77' lang='lat' dir='ltr'>fuit</span> <span class='ocrx_word' id='word_1_400' title='bbox 1013 3929 1340 3979; x_wconf 87' lang='lat' dir='ltr'>amovere</span> <span class='ocrx_word' id='word_1_401' title='bbox 1384 3911 1609 3997; x_wconf 91' lang='lat' dir='ltr'>ipsum</span> <span class='ocrx_word' id='word_1_402' title='bbox 1657 3912 2011 3979; x_wconf 88' lang='lat' dir='ltr'>dominum</span> <span class='ocrx_word' id='word_1_403' title='bbox 2055 3913 2450 4002; x_wconf 89' lang='lat' dir='ltr'>Johannem</span> <span class='ocrx_word' id='word_1_404' title='bbox 2497 3935 2541 3979; x_wconf 87' lang='lat' dir='ltr'>a</span> <span class='ocrx_word' id='word_1_405' title='bbox 2587 3912 2781 3979; x_wconf 90' lang='lat' dir='ltr'>dicto</span> <span class='ocrx_word' id='word_1_406' title='bbox 2828 3911 3141 3990; x_wconf 90' lang='lat' dir='ltr'>consili0,</span> <span class='ocrx_word' id='word_1_407' title='bbox 3205 3922 3496 3998; x_wconf 89' lang='lat' dir='ltr'>propter</span> <span class='ocrx_word' id='word_1_408' title='bbox 3543 3909 3689 3976; x_wconf 90' lang='lat' dir='ltr'>eius</span> <span class='ocrx_word' id='word_1_409' title='bbox 3730 3909 4041 3996; x_wconf 89' lang='lat' dir='ltr'>partiali·</span> 
     </span>
     <span class='ocr_line' id='line_1_35' title="bbox 320 4015 4045 4105; baseline -0 -22"><span class='ocrx_word' id='word_1_410' title='bbox 320 4028 538 4083; x_wconf 87' lang='lat' dir='ltr'>tatem</span> <span class='ocrx_word' id='word_1_411' title='bbox 589 4027 660 4081; x_wconf 89' lang='lat' dir='ltr'>et</span> <span class='ocrx_word' id='word_1_412' title='bbox 701 4016 796 4083; x_wconf 89' lang='lat' dir='ltr'>ita</span> <span class='ocrx_word' id='word_1_413' title='bbox 844 4027 1182 4084; x_wconf 85' lang='lat' dir='ltr'>ammotus</span> <span class='ocrx_word' id='word_1_414' title='bbox 1225 4018 1381 4096; x_wconf 83' lang='lat' dir='ltr'>fuit,</span> <span class='ocrx_word' id='word_1_415' title='bbox 1428 4030 1636 4105; x_wconf 88' lang='lat' dir='ltr'>prout</span> <span class='ocrx_word' id='word_1_416' title='bbox 1678 4018 1865 4085; x_wconf 79' lang='lat' dir='ltr'>infra</span> <span class='ocrx_word' id='word_1_417' title='bbox 1910 4018 2336 4087; x_wconf 87' lang='lat' dir='ltr'>recitabitur.</span> <span class='ocrx_word' id='word_1_418' title='bbox 2426 4019 2669 4085; x_wconf 88' lang='lat' dir='ltr'>Dictus</span> <span class='ocrx_word' id='word_1_419' title='bbox 2714 4037 2883 4086; x_wconf 86' lang='lat' dir='ltr'>vero</span> <span class='ocrx_word' id='word_1_420' title='bbox 2933 4017 3253 4084; x_wconf 90' lang='lat' dir='ltr'>dominus</span> <span class='ocrx_word' id='word_1_421' title='bbox 3298 4016 3695 4105; x_wconf 86' lang='lat' dir='ltr'>Jeronimus</span> <span class='ocrx_word' id='word_1_422' title='bbox 3756 4015 4045 4102; x_wconf 86' lang='lat' dir='ltr'>prestita</span> 
     </span>
     <span class='ocr_line' id='line_1_36' title="bbox 321 4119 4045 4213; baseline 0.001 -26"><span class='ocrx_word' id='word_1_423' title='bbox 321 4122 766 4188; x_wconf 89' lang='lat' dir='ltr'>fideiussione</span> <span class='ocrx_word' id='word_1_424' title='bbox 832 4122 1158 4209; x_wconf 86' lang='lat' dir='ltr'>predicta</span> <span class='ocrx_word' id='word_1_425' title='bbox 1222 4124 1432 4212; x_wconf 87' lang='lat' dir='ltr'>redijt</span> <span class='ocrx_word' id='word_1_426' title='bbox 1501 4125 1781 4192; x_wconf 92' lang='lat' dir='ltr'>domum</span> <span class='ocrx_word' id='word_1_427' title='bbox 1825 4126 1899 4191; x_wconf 93' lang='lat' dir='ltr'>in</span> <span class='ocrx_word' id='word_1_428' title='bbox 1947 4137 2306 4193; x_wconf 89' lang='lat' dir='ltr'>contracta</span> <span class='ocrx_word' id='word_1_429' title='bbox 2367 4126 2593 4193; x_wconf 89' lang='lat' dir='ltr'>sancti</span> <span class='ocrx_word' id='word_1_430' title='bbox 2639 4124 3017 4192; x_wconf 81' lang='lat' dir='ltr'>Steffanini</span> <span class='ocrx_word' id='word_1_431' title='bbox 3080 4123 3150 4189; x_wconf 92' lang='lat' dir='ltr'>in</span> <span class='ocrx_word' id='word_1_432' title='bbox 3214 4119 3638 4213; x_wconf 88' lang='lat' dir='ltr'>Bregondia.</span> <span class='ocrx_word' id='word_1_433' title='bbox 3730 4123 4045 4210; x_wconf 88' lang='lat' dir='ltr'>Cumque</span> 
     </span>
     <span class='ocr_line' id='line_1_37' title="bbox 320 4227 4048 4320; baseline 0.001 -28"><span class='ocrx_word' id='word_1_434' title='bbox 320 4227 514 4294; x_wconf 84' lang='lat' dir='ltr'>velet</span> <span class='ocrx_word' id='word_1_435' title='bbox 558 4229 997 4313; x_wconf 89' lang='lat' dir='ltr'>postmodum</span> <span class='ocrx_word' id='word_1_436' title='bbox 1041 4229 1225 4296; x_wconf 79' lang='lat' dir='ltr'>infra</span> <span class='ocrx_word' id='word_1_437' title='bbox 1269 4243 1431 4299; x_wconf 92' lang='lat' dir='ltr'>octo</span> <span class='ocrx_word' id='word_1_438' title='bbox 1478 4230 1630 4297; x_wconf 89' lang='lat' dir='ltr'>dies</span> <span class='ocrx_word' id='word_1_439' title='bbox 1676 4232 1955 4298; x_wconf 90' lang='lat' dir='ltr'>domum</span> <span class='ocrx_word' id='word_1_440' title='bbox 2002 4232 2214 4313; x_wconf 86' lang='lat' dir='ltr'>exire,</span> <span class='ocrx_word' id='word_1_441' title='bbox 2261 4231 2337 4298; x_wconf 91' lang='lat' dir='ltr'>in</span> <span class='ocrx_word' id='word_1_442' title='bbox 2384 4253 2524 4320; x_wconf 92' lang='lat' dir='ltr'>qua</span> <span class='ocrx_word' id='word_1_443' title='bbox 2569 4230 2864 4299; x_wconf 89' lang='lat' dir='ltr'>latuerat</span> <span class='ocrx_word' id='word_1_444' title='bbox 2910 4229 3001 4297; x_wconf 93' lang='lat' dir='ltr'>ob</span> <span class='ocrx_word' id='word_1_445' title='bbox 3045 4229 3566 4308; x_wconf 85' lang='lat' dir='ltr'>verecondiam,</span> <span class='ocrx_word' id='word_1_446' title='bbox 3611 4230 3808 4315; x_wconf 90' lang='lat' dir='ltr'>pueri</span> <span class='ocrx_word' id='word_1_447' title='bbox 3861 4228 4048 4296; x_wconf 88' lang='lat' dir='ltr'>illius</span> 
     </span>
    </p>
   </div>
   <div class='ocr_carea' id='block_1_5' title="bbox 199 4333 4126 4425">
    <p class='ocr_par' dir='ltr' id='par_1_14' title="bbox 199 4333 4126 4425">
     <span class='ocr_line' id='line_1_38' title="bbox 199 4333 4126 4425; baseline 0.001 -26"><span class='ocrx_word' id='word_1_448' title='bbox 199 4335 279 4399; x_wconf 83' lang='lat'>35</span> <span class='ocrx_word' id='word_1_449' title='bbox 327 4334 643 4424; x_wconf 88' lang='lat' dir='ltr'>regionis</span> <span class='ocrx_word' id='word_1_450' title='bbox 686 4356 977 4402; x_wconf 89' lang='lat' dir='ltr'>numero</span> <span class='ocrx_word' id='word_1_451' title='bbox 1022 4336 1208 4404; x_wconf 79' lang='lat' dir='ltr'>forte</span> <span class='ocrx_word' id='word_1_452' title='bbox 1254 4349 1531 4405; x_wconf 84' lang='lat' dir='ltr'>centum</span> <span class='ocrx_word' id='word_1_453' title='bbox 1581 4357 1737 4404; x_wconf 88' lang='lat' dir='ltr'>com</span> <span class='ocrx_word' id='word_1_454' title='bbox 1782 4338 2133 4425; x_wconf 89' lang='lat' dir='ltr'>lapidibus</span> <span class='ocrx_word' id='word_1_455' title='bbox 2183 4339 2407 4425; x_wconf 90' lang='lat' dir='ltr'>ipsum</span> <span class='ocrx_word' id='word_1_456' title='bbox 2471 4338 2993 4417; x_wconf 89' lang='lat' dir='ltr'>insultaverunt,</span> <span class='ocrx_word' id='word_1_457' title='bbox 3054 4336 3434 4404; x_wconf 88' lang='lat' dir='ltr'>clamantes</span> <span class='ocrx_word' id='word_1_458' title='bbox 3488 4340 3519 4373; x_wconf 74' lang='lat'>⁸</span> <span class='ocrx_word' id='word_1_459' title='bbox 3543 4333 3847 4423; x_wconf 80' lang='lat' dir='ltr'>Apicha,</span> <span class='ocrx_word' id='word_1_460' title='bbox 3894 4334 4046 4422; x_wconf 90' lang='lat' dir='ltr'>api·</span> <span class='ocrx_word' id='word_1_461' title='bbox 4119 4391 4126 4404; x_wconf 79' lang='grc'>,</span> 
     </span>
    </p>
   </div>
   <div class='ocr_carea' id='block_1_6' title="bbox 201 4440 4056 6032">
    <p class='ocr_par' dir='ltr' id='par_1_15' title="bbox 322 4440 4048 4831">
     <span class='ocr_line' id='line_1_39' title="bbox 322 4440 4048 4526; baseline 0 -19"><span class='ocrx_word' id='word_1_462' title='bbox 322 4443 461 4507; x_wconf 89' lang='lat' dir='ltr'>cha</span> <span class='ocrx_word' id='word_1_463' title='bbox 507 4443 578 4508; x_wconf 90' lang='lat' dir='ltr'>el</span> <span class='ocrx_word' id='word_1_464' title='bbox 621 4440 856 4508; x_wconf 87' lang='lat' dir='ltr'>ladro:</span> <span class='ocrx_word' id='word_1_465' title='bbox 904 4464 1162 4521; x_wconf 85' lang='lat' dir='ltr'>amaza,</span> <span class='ocrx_word' id='word_1_466' title='bbox 1223 4465 1460 4511; x_wconf 88' lang='lat' dir='ltr'>amaza</span> <span class='ocrx_word' id='word_1_467' title='bbox 1505 4445 1571 4510; x_wconf 91' lang='lat' dir='ltr'>el</span> <span class='ocrx_word' id='word_1_468' title='bbox 1616 4444 1823 4511; x_wconf 90' lang='lat' dir='ltr'>barro</span> <span class='ocrx_word' id='word_1_469' title='bbox 1850 4493 1911 4526; x_wconf 85' lang='lat'>„.</span> <span class='ocrx_word' id='word_1_470' title='bbox 2002 4445 2322 4513; x_wconf 89' lang='lat' dir='ltr'>Tandem</span> <span class='ocrx_word' id='word_1_471' title='bbox 2387 4446 2723 4512; x_wconf 88' lang='lat' dir='ltr'>cohactus</span> <span class='ocrx_word' id='word_1_472' title='bbox 2768 4457 2873 4512; x_wconf 87' lang='lat' dir='ltr'>est</span> <span class='ocrx_word' id='word_1_473' title='bbox 2917 4443 3145 4511; x_wconf 88' lang='lat' dir='ltr'>redire</span> <span class='ocrx_word' id='word_1_474' title='bbox 3191 4444 3264 4509; x_wconf 91' lang='lat' dir='ltr'>in</span> <span class='ocrx_word' id='word_1_475' title='bbox 3313 4443 3591 4510; x_wconf 89' lang='lat' dir='ltr'>domum</span> <span class='ocrx_word' id='word_1_476' title='bbox 3654 4454 3725 4509; x_wconf 88' lang='lat' dir='ltr'>et</span> <span class='ocrx_word' id='word_1_477' title='bbox 3785 4441 3884 4508; x_wconf 89' lang='lat' dir='ltr'>ibi</span> <span class='ocrx_word' id='word_1_478' title='bbox 3947 4441 4048 4507; x_wconf 88' lang='lat' dir='ltr'>la-</span> 
     </span>
     <span class='ocr_line' id='line_1_40' title="bbox 323 4550 4043 4644; baseline 0.001 -29"><span class='ocrx_word' id='word_1_479' title='bbox 323 4561 474 4616; x_wconf 88' lang='lat' dir='ltr'>tere</span> <span class='ocrx_word' id='word_1_480' title='bbox 507 4570 640 4635; x_wconf 88' lang='lat' dir='ltr'>per</span> <span class='ocrx_word' id='word_1_481' title='bbox 669 4569 940 4616; x_wconf 87' lang='lat' dir='ltr'>menses</span> <span class='ocrx_word' id='word_1_482' title='bbox 973 4551 1161 4617; x_wconf 89' lang='lat' dir='ltr'>circa</span> <span class='ocrx_word' id='word_1_483' title='bbox 1190 4562 1507 4638; x_wconf 88' lang='lat' dir='ltr'>quatuor.</span> <span class='ocrx_word' id='word_1_484' title='bbox 1573 4551 1663 4619; x_wconf 92' lang='lat' dir='ltr'>Et</span> <span class='ocrx_word' id='word_1_485' title='bbox 1692 4552 1831 4620; x_wconf 91' lang='lat' dir='ltr'>hoc</span> <span class='ocrx_word' id='word_1_486' title='bbox 1866 4553 2000 4620; x_wconf 81' lang='lat' dir='ltr'>fuit</span> <span class='ocrx_word' id='word_1_487' title='bbox 2029 4552 2221 4619; x_wconf 88' lang='lat' dir='ltr'>aliud</span> <span class='ocrx_word' id='word_1_488' title='bbox 2254 4552 2574 4621; x_wconf 89' lang='lat' dir='ltr'>divinum</span> <span class='ocrx_word' id='word_1_489' title='bbox 2603 4550 3007 4644; x_wconf 82' lang='lat' dir='ltr'>judicium3&#39;</span> <span class='ocrx_word' id='word_1_490' title='bbox 3053 4551 3180 4618; x_wconf 91' lang='lat' dir='ltr'>sed</span> <span class='ocrx_word' id='word_1_491' title='bbox 3211 4551 3519 4618; x_wconf 90' lang='lat' dir='ltr'>nondum</span> <span class='ocrx_word' id='word_1_492' title='bbox 3548 4562 3840 4618; x_wconf 88' lang='lat' dir='ltr'>venerat</span> <span class='ocrx_word' id='word_1_493' title='bbox 3870 4550 4043 4620; x_wconf 70' lang='lat' dir='ltr'>hora</span> 
     </span>
     <span class='ocr_line' id='line_1_41' title="bbox 323 4655 4048 4743; baseline 0 -21"><span class='ocrx_word' id='word_1_494' title='bbox 323 4677 452 4722; x_wconf 88' lang='lat' dir='ltr'>sua</span> <span class='ocrx_word' id='word_1_495' title='bbox 495 4655 981 4741; x_wconf 82' lang='lat' dir='ltr'>perhentoria3</span> <span class='ocrx_word' id='word_1_496' title='bbox 1030 4656 1103 4722; x_wconf 91' lang='lat' dir='ltr'>in</span> <span class='ocrx_word' id='word_1_497' title='bbox 1151 4656 1351 4724; x_wconf 90' lang='lat' dir='ltr'>cuius</span> <span class='ocrx_word' id='word_1_498' title='bbox 1397 4657 1625 4727; x_wconf 89' lang='lat' dir='ltr'>locum</span> <span class='ocrx_word' id='word_1_499' title='bbox 1671 4659 2007 4728; x_wconf 88' lang='lat' dir='ltr'>successit</span> <span class='ocrx_word' id='word_1_500' title='bbox 2052 4678 2286 4727; x_wconf 87' lang='lat' dir='ltr'>comes</span> <span class='ocrx_word' id='word_1_501' title='bbox 2347 4658 2853 4727; x_wconf 86' lang='lat' dir='ltr'>Bartollameus</span> <span class='ocrx_word' id='word_1_502' title='bbox 2913 4656 3378 4724; x_wconf 89' lang='lat' dir='ltr'>Zamfiliacius</span> <span class='ocrx_word' id='word_1_503' title='bbox 3435 4655 3878 4724; x_wconf 87' lang='lat' dir='ltr'>Florentinus</span> <span class='ocrx_word' id='word_1_504' title='bbox 3920 4675 4048 4743; x_wconf 91' lang='lat' dir='ltr'>po—</span> 
     </span>
     <span class='ocr_line' id='line_1_42' title="bbox 322 4761 993 4831; baseline 0.004 -3"><span class='ocrx_word' id='word_1_505' title='bbox 322 4774 541 4829; x_wconf 87' lang='lat' dir='ltr'>testas</span> <span class='ocrx_word' id='word_1_506' title='bbox 586 4761 993 4831; x_wconf 88' lang='lat' dir='ltr'>Mediolani.</span> 
     </span>
    </p>

    <p class='ocr_par' dir='ltr' id='par_1_16' title="bbox 201 4867 4054 5391">
     <span class='ocr_line' id='line_1_43' title="bbox 201 4867 4051 4962; baseline 0.001 -27"><span class='ocrx_word' id='word_1_507' title='bbox 201 4872 283 4935; x_wconf 77' lang='lat'>40</span> <span class='ocrx_word' id='word_1_508' title='bbox 510 4867 732 4937; x_wconf 90' lang='lat' dir='ltr'>Aliud</span> <span class='ocrx_word' id='word_1_509' title='bbox 778 4869 962 4937; x_wconf 88' lang='lat' dir='ltr'>enim</span> <span class='ocrx_word' id='word_1_510' title='bbox 1005 4870 1343 4962; x_wconf 83' lang='lat' dir='ltr'>judicium</span> <span class='ocrx_word' id='word_1_511' title='bbox 1392 4873 1526 4942; x_wconf 73' lang='lat' dir='ltr'>fuit</span> <span class='ocrx_word' id='word_1_512' title='bbox 1570 4874 1705 4940; x_wconf 89' lang='lat' dir='ltr'>hoc</span> <span class='ocrx_word' id='word_1_513' title='bbox 1751 4892 1986 4942; x_wconf 89' lang='lat' dir='ltr'>mense</span> <span class='ocrx_word' id='word_1_514' title='bbox 2034 4874 2301 4961; x_wconf 83' lang='lat' dir='ltr'>aprillis</span> <span class='ocrx_word' id='word_1_515' title='bbox 2355 4872 2520 4945; x_wconf 84' lang='lat'>1478</span> <span class='ocrx_word' id='word_1_516' title='bbox 2570 4895 2729 4941; x_wconf 90' lang='lat' dir='ltr'>nam</span> <span class='ocrx_word' id='word_1_517' title='bbox 2793 4874 3074 4961; x_wconf 85' lang='lat' dir='ltr'>quidam</span> <span class='ocrx_word' id='word_1_518' title='bbox 3136 4873 3348 4939; x_wconf 89' lang='lat' dir='ltr'>Zinus</span> <span class='ocrx_word' id='word_1_519' title='bbox 3411 4873 3500 4939; x_wconf 89' lang='lat' dir='ltr'>de</span> <span class='ocrx_word' id='word_1_520' title='bbox 3562 4871 3814 4939; x_wconf 88' lang='lat' dir='ltr'>Parma</span> <span class='ocrx_word' id='word_1_521' title='bbox 3872 4890 4051 4940; x_wconf 74' lang='lat' dir='ltr'>unus</span> 
     </span>
     <span class='ocr_line' id='line_1_44' title="bbox 328 4977 4049 5068; baseline 0.002 -27"><span class='ocrx_word' id='word_1_522' title='bbox 328 4996 419 5042; x_wconf 82' lang='lat' dir='ltr'>ex</span> <span class='ocrx_word' id='word_1_523' title='bbox 465 4977 775 5045; x_wconf 89' lang='lat' dir='ltr'>bannitis</span> <span class='ocrx_word' id='word_1_524' title='bbox 819 4977 1191 5058; x_wconf 89' lang='lat' dir='ltr'>homicida,</span> <span class='ocrx_word' id='word_1_525' title='bbox 1238 4978 1499 5067; x_wconf 88' lang='lat' dir='ltr'>quique</span> <span class='ocrx_word' id='word_1_526' title='bbox 1547 4979 1717 5048; x_wconf 86' lang='lat' dir='ltr'>alias</span> <span class='ocrx_word' id='word_1_527' title='bbox 1760 4981 1852 5047; x_wconf 89' lang='lat' dir='ltr'>ad</span> <span class='ocrx_word' id='word_1_528' title='bbox 1898 4981 2224 5050; x_wconf 86' lang='lat' dir='ltr'>mandata</span> <span class='ocrx_word' id='word_1_529' title='bbox 2269 4979 2443 5048; x_wconf 89' lang='lat' dir='ltr'>dicti</span> <span class='ocrx_word' id='word_1_530' title='bbox 2505 4980 2772 5048; x_wconf 90' lang='lat' dir='ltr'>domini</span> <span class='ocrx_word' id='word_1_531' title='bbox 2835 4979 3170 5068; x_wconf 89' lang='lat' dir='ltr'>Jeronimi</span> <span class='ocrx_word' id='word_1_532' title='bbox 3236 4979 3594 5047; x_wconf 90' lang='lat' dir='ltr'>occiderat</span> <span class='ocrx_word' id='word_1_533' title='bbox 3637 4978 4049 5048; x_wconf 81' lang='lat' dir='ltr'>Possentutn</span> 
     </span>
     <span class='ocr_line' id='line_1_45' title="bbox 331 5083 4052 5176; baseline 0.001 -27"><span class='ocrx_word' id='word_1_534' title='bbox 331 5083 424 5150; x_wconf 91' lang='lat' dir='ltr'>de</span> <span class='ocrx_word' id='word_1_535' title='bbox 486 5084 785 5174; x_wconf 78' lang='lat' dir='ltr'>BurciJ&#39;s,</span> <span class='ocrx_word' id='word_1_536' title='bbox 853 5085 1172 5153; x_wconf 86' lang='lat' dir='ltr'>maritum</span> <span class='ocrx_word' id='word_1_537' title='bbox 1238 5085 1439 5152; x_wconf 88' lang='lat' dir='ltr'>unius</span> <span class='ocrx_word' id='word_1_538' title='bbox 1482 5086 1735 5154; x_wconf 86' lang='lat' dir='ltr'>amasie</span> <span class='ocrx_word' id='word_1_539' title='bbox 1803 5087 1973 5155; x_wconf 90' lang='lat' dir='ltr'>dicti</span> <span class='ocrx_word' id='word_1_540' title='bbox 2043 5087 2308 5155; x_wconf 91' lang='lat' dir='ltr'>domini</span> <span class='ocrx_word' id='word_1_541' title='bbox 2352 5086 2714 5176; x_wconf 89' lang='lat' dir='ltr'>Jeronimi,</span> <span class='ocrx_word' id='word_1_542' title='bbox 2761 5098 2831 5154; x_wconf 93' lang='lat' dir='ltr'>et</span> <span class='ocrx_word' id='word_1_543' title='bbox 2874 5088 3115 5156; x_wconf 81' lang='lat' dir='ltr'>fuerat.</span> <span class='ocrx_word' id='word_1_544' title='bbox 3167 5086 3240 5151; x_wconf 92' lang='lat' dir='ltr'>in</span> <span class='ocrx_word' id='word_1_545' title='bbox 3286 5085 3696 5174; x_wconf 87' lang='lat' dir='ltr'>spoliatione</span> <span class='ocrx_word' id='word_1_546' title='bbox 3741 5098 3812 5153; x_wconf 92' lang='lat' dir='ltr'>et</span> <span class='ocrx_word' id='word_1_547' title='bbox 3855 5103 4052 5154; x_wconf 89' lang='lat' dir='ltr'>saco-</span> 
     </span>
     <span class='ocr_line' id='line_1_46' title="bbox 329 5190 4054 5284; baseline 0.002 -28"><span class='ocrx_word' id='word_1_548' title='bbox 329 5212 541 5257; x_wconf 89' lang='lat' dir='ltr'>mano</span> <span class='ocrx_word' id='word_1_549' title='bbox 589 5190 1041 5258; x_wconf 88' lang='lat' dir='ltr'>ecclesiarum</span> <span class='ocrx_word' id='word_1_550' title='bbox 1086 5213 1294 5279; x_wconf 89' lang='lat' dir='ltr'>supra</span> <span class='ocrx_word' id='word_1_551' title='bbox 1338 5205 1790 5274; x_wconf 89' lang='lat' dir='ltr'>narratarum,</span> <span class='ocrx_word' id='word_1_552' title='bbox 1837 5193 2371 5284; x_wconf 87' lang='lat' dir='ltr'>absentatusque</span> <span class='ocrx_word' id='word_1_553' title='bbox 2406 5194 2713 5261; x_wconf 82' lang='lat' dir='ltr'>duxisset</span> <span class='ocrx_word' id='word_1_554' title='bbox 2744 5194 2817 5260; x_wconf 90' lang='lat' dir='ltr'>in</span> <span class='ocrx_word' id='word_1_555' title='bbox 2855 5194 3134 5261; x_wconf 90' lang='lat' dir='ltr'>civitate</span> <span class='ocrx_word' id='word_1_556' title='bbox 3159 5193 3496 5261; x_wconf 86' lang='lat' dir='ltr'>Faventie</span> <span class='ocrx_word' id='word_1_557' title='bbox 3529 5192 3874 5282; x_wconf 88' lang='lat' dir='ltr'>quandam</span> <span class='ocrx_word' id='word_1_558' title='bbox 3907 5213 4054 5264; x_wconf 76' lang='lat' dir='ltr'>me·</span> 
     </span>
     <span class='ocr_line' id='line_1_47' title="bbox 326 5297 4053 5391; baseline 0.001 -29"><span class='ocrx_word' id='word_1_559' title='bbox 326 5297 678 5375; x_wconf 82' lang='lat' dir='ltr'>ren-icem,</span> <span class='ocrx_word' id='word_1_560' title='bbox 726 5319 931 5385; x_wconf 91' lang='lat' dir='ltr'>quam</span> <span class='ocrx_word' id='word_1_561' title='bbox 979 5299 1385 5366; x_wconf 88' lang='lat' dir='ltr'>deviaverat</span> <span class='ocrx_word' id='word_1_562' title='bbox 1427 5299 1743 5367; x_wconf 90' lang='lat' dir='ltr'>Bononie</span> <span class='ocrx_word' id='word_1_563' title='bbox 1806 5300 2084 5367; x_wconf 88' lang='lat' dir='ltr'>cuidam</span> <span class='ocrx_word' id='word_1_564' title='bbox 2144 5300 2402 5379; x_wconf 90' lang='lat' dir='ltr'>lenoni,</span> <span class='ocrx_word' id='word_1_565' title='bbox 2465 5299 2817 5367; x_wconf 89' lang='lat' dir='ltr'>insecutus</span> <span class='ocrx_word' id='word_1_566' title='bbox 2876 5299 2965 5367; x_wconf 93' lang='lat' dir='ltr'>ab</span> <span class='ocrx_word' id='word_1_567' title='bbox 3025 5299 3179 5387; x_wconf 92' lang='lat' dir='ltr'>ipso</span> <span class='ocrx_word' id='word_1_568' title='bbox 3242 5299 3490 5366; x_wconf 89' lang='lat' dir='ltr'>lenone</span> <span class='ocrx_word' id='word_1_569' title='bbox 3554 5311 3623 5367; x_wconf 88' lang='lat' dir='ltr'>et</span> <span class='ocrx_word' id='word_1_570' title='bbox 3682 5298 4053 5391; x_wconf 70' lang='lat' dir='ltr'>consociis,</span> 
     </span>
    </p>

    <p class='ocr_par' dir='ltr' id='par_1_17' title="bbox 201 5400 4051 5497">
     <span class='ocr_line' id='line_1_48' title="bbox 201 5400 4051 5497; baseline 0.002 -29"><span class='ocrx_word' id='word_1_571' title='bbox 201 5400 282 5468; x_wconf 80' lang='lat'>45</span> <span class='ocrx_word' id='word_1_572' title='bbox 335 5404 723 5489; x_wconf 88' lang='lat' dir='ltr'>deprensus</span> <span class='ocrx_word' id='word_1_573' title='bbox 793 5403 869 5468; x_wconf 93' lang='lat' dir='ltr'>in</span> <span class='ocrx_word' id='word_1_574' title='bbox 941 5404 1094 5484; x_wconf 83' lang='lat' dir='ltr'>via,</span> <span class='ocrx_word' id='word_1_575' title='bbox 1157 5404 1521 5473; x_wconf 89' lang='lat' dir='ltr'>insultatus</span> <span class='ocrx_word' id='word_1_576' title='bbox 1581 5418 1653 5474; x_wconf 88' lang='lat' dir='ltr'>et</span> <span class='ocrx_word' id='word_1_577' title='bbox 1713 5405 1942 5473; x_wconf 91' lang='lat' dir='ltr'>multis</span> <span class='ocrx_word' id='word_1_578' title='bbox 2020 5406 2338 5474; x_wconf 86' lang='lat' dir='ltr'>letalibus</span> <span class='ocrx_word' id='word_1_579' title='bbox 2403 5406 2804 5474; x_wconf 86' lang='lat' dir='ltr'>vulneribus</span> <span class='ocrx_word' id='word_1_580' title='bbox 2880 5406 3243 5474; x_wconf 82' lang='lat' dir='ltr'>confossus</span> <span class='ocrx_word' id='word_1_581' title='bbox 3312 5405 3523 5473; x_wconf 88' lang='lat' dir='ltr'>vitam</span> <span class='ocrx_word' id='word_1_582' title='bbox 3591 5405 4051 5497; x_wconf 81' lang='lat' dir='ltr'>ignominiose</span> 
     </span>
    </p>

    <p class='ocr_par' dir='ltr' id='par_1_18' title="bbox 204 5510 617 5577">
     <span class='ocr_line' id='line_1_49' title="bbox 204 5510 617 5577; baseline 0 0"><span class='ocrx_word' id='word_1_583' title='bbox 204 5523 213 5536; x_wconf 81' lang='lat'><strong><em>‘</em></strong></span> <span class='ocrx_word' id='word_1_584' title='bbox 330 5510 617 5577; x_wconf 87' lang='lat' dir='ltr'>emissit.</span> 
     </span>
    </p>

    <p class='ocr_par' dir='ltr' id='par_1_19' title="bbox 327 5614 4056 5926">
     <span class='ocr_line' id='line_1_50' title="bbox 513 5614 4054 5710; baseline 0.002 -27"><span class='ocrx_word' id='word_1_585' title='bbox 513 5614 679 5695; x_wconf 88' lang='lat' dir='ltr'>Quo</span> <span class='ocrx_word' id='word_1_586' title='bbox 725 5616 936 5684; x_wconf 89' lang='lat' dir='ltr'>etiam</span> <span class='ocrx_word' id='word_1_587' title='bbox 984 5629 1298 5704; x_wconf 87' lang='lat' dir='ltr'>tempore</span> <span class='ocrx_word' id='word_1_588' title='bbox 1343 5618 1629 5707; x_wconf 87' lang='lat' dir='ltr'>quidam</span> <span class='ocrx_word' id='word_1_589' title='bbox 1674 5620 1997 5688; x_wconf 90' lang='lat' dir='ltr'>medicus</span> <span class='ocrx_word' id='word_1_590' title='bbox 2041 5622 2258 5689; x_wconf 79' lang='lat' dir='ltr'>frater</span> <span class='ocrx_word' id='word_1_591' title='bbox 2299 5621 2638 5710; x_wconf 89' lang='lat' dir='ltr'>Johannis</span> <span class='ocrx_word' id='word_1_592' title='bbox 2665 5620 2954 5689; x_wconf 89' lang='lat' dir='ltr'>Andree</span> <span class='ocrx_word' id='word_1_593' title='bbox 2986 5622 3073 5688; x_wconf 92' lang='lat' dir='ltr'>de</span> <span class='ocrx_word' id='word_1_594' title='bbox 3104 5621 3608 5710; x_wconf 82' lang='lat' dir='ltr'>Lampugnano</span> <span class='ocrx_word' id='word_1_595' title='bbox 3639 5621 4054 5690; x_wconf 82' lang='lat' dir='ltr'>interfecto-</span> 
     </span>
     <span class='ocr_line' id='line_1_51' title="bbox 332 5724 4045 5817; baseline 0.001 -27"><span class='ocrx_word' id='word_1_596' title='bbox 332 5725 430 5790; x_wconf 90' lang='lat' dir='ltr'>ris</span> <span class='ocrx_word' id='word_1_597' title='bbox 476 5724 683 5791; x_wconf 90' lang='lat' dir='ltr'>ducis</span> <span class='ocrx_word' id='word_1_598' title='bbox 730 5724 990 5792; x_wconf 88' lang='lat' dir='ltr'>Galeaz</span> <span class='ocrx_word' id='word_1_599' title='bbox 1034 5725 1167 5792; x_wconf 82' lang='lat' dir='ltr'>fuit</span> <span class='ocrx_word' id='word_1_600' title='bbox 1210 5725 1591 5795; x_wconf 89' lang='lat' dir='ltr'>trucidatus</span> <span class='ocrx_word' id='word_1_601' title='bbox 1636 5726 1986 5816; x_wconf 86' lang='lat' dir='ltr'>Venetijs&#39;</span> <span class='ocrx_word' id='word_1_602' title='bbox 2034 5730 2124 5797; x_wconf 91' lang='lat' dir='ltr'>de</span> <span class='ocrx_word' id='word_1_603' title='bbox 2172 5728 2291 5796; x_wconf 90' lang='lat' dir='ltr'>die</span> <span class='ocrx_word' id='word_1_604' title='bbox 2345 5730 2538 5795; x_wconf 91' lang='lat' dir='ltr'>clara</span> <span class='ocrx_word' id='word_1_605' title='bbox 2582 5752 2626 5796; x_wconf 87' lang='lat' dir='ltr'>a</span> <span class='ocrx_word' id='word_1_606' title='bbox 2670 5729 3014 5796; x_wconf 89' lang='lat' dir='ltr'>nonnullis</span> <span class='ocrx_word' id='word_1_607' title='bbox 3074 5729 3451 5796; x_wconf 89' lang='lat' dir='ltr'>travestitis</span> <span class='ocrx_word' id='word_1_608' title='bbox 3515 5740 3583 5796; x_wconf 92' lang='lat' dir='ltr'>et</span> <span class='ocrx_word' id='word_1_609' title='bbox 3643 5728 4045 5817; x_wconf 89' lang='lat' dir='ltr'>incognitis.</span> 
     </span>
     <span class='ocr_line' id='line_1_52' title="bbox 327 5832 4056 5926; baseline 0.001 -26"><span class='ocrx_word' id='word_1_610' title='bbox 327 5833 467 5900; x_wconf 90' lang='lat' dir='ltr'>Hic</span> <span class='ocrx_word' id='word_1_611' title='bbox 512 5832 702 5900; x_wconf 90' lang='lat' dir='ltr'>enim</span> <span class='ocrx_word' id='word_1_612' title='bbox 751 5834 982 5900; x_wconf 75' lang='lat' dir='ltr'>fuerat</span> <span class='ocrx_word' id='word_1_613' title='bbox 1024 5833 1345 5901; x_wconf 90' lang='lat' dir='ltr'>conscius</span> <span class='ocrx_word' id='word_1_614' title='bbox 1388 5834 1762 5903; x_wconf 87' lang='lat' dir='ltr'>occisionis</span> <span class='ocrx_word' id='word_1_615' title='bbox 1810 5835 1986 5903; x_wconf 90' lang='lat' dir='ltr'>dicti</span> <span class='ocrx_word' id='word_1_616' title='bbox 2022 5835 2220 5903; x_wconf 90' lang='lat' dir='ltr'>ducis</span> <span class='ocrx_word' id='word_1_617' title='bbox 2252 5847 2323 5904; x_wconf 92' lang='lat' dir='ltr'>et</span> <span class='ocrx_word' id='word_1_618' title='bbox 2351 5857 2437 5902; x_wconf 88' lang='lat' dir='ltr'>ea</span> <span class='ocrx_word' id='word_1_619' title='bbox 2468 5838 2609 5916; x_wconf 90' lang='lat' dir='ltr'>die,</span> <span class='ocrx_word' id='word_1_620' title='bbox 2642 5860 2779 5926; x_wconf 90' lang='lat' dir='ltr'>qua</span> <span class='ocrx_word' id='word_1_621' title='bbox 2809 5837 3001 5905; x_wconf 81' lang='lat' dir='ltr'>facta</span> <span class='ocrx_word' id='word_1_622' title='bbox 3047 5837 3200 5916; x_wconf 81' lang='lat' dir='ltr'>fuit,</span> <span class='ocrx_word' id='word_1_623' title='bbox 3247 5836 3537 5903; x_wconf 89' lang='lat' dir='ltr'>recessit</span> <span class='ocrx_word' id='word_1_624' title='bbox 3569 5835 3749 5901; x_wconf 90' lang='lat' dir='ltr'>clam</span> <span class='ocrx_word' id='word_1_625' title='bbox 3781 5857 3868 5903; x_wconf 78' lang='lat' dir='ltr'>ex</span> <span class='ocrx_word' id='word_1_626' title='bbox 3897 5836 4056 5902; x_wconf 89' lang='lat' dir='ltr'>Me-</span> 
     </span>
    </p>

    <p class='ocr_par' dir='ltr' id='par_1_20' title="bbox 204 5937 4051 6032">
     <span class='ocr_line' id='line_1_53' title="bbox 204 5937 4051 6032; baseline 0.001 -25"><span class='ocrx_word' id='word_1_627' title='bbox 204 5937 283 6007; x_wconf 84' lang='lat'>50</span> <span class='ocrx_word' id='word_1_628' title='bbox 325 5940 611 6010; x_wconf 90' lang='lat' dir='ltr'>diolano</span> <span class='ocrx_word' id='word_1_629' title='bbox 659 5950 733 6007; x_wconf 90' lang='lat' dir='ltr'>et</span> <span class='ocrx_word' id='word_1_630' title='bbox 775 5939 1049 6028; x_wconf 84' lang='lat' dir='ltr'>perexit</span> <span class='ocrx_word' id='word_1_631' title='bbox 1090 5940 1444 6009; x_wconf 87' lang='lat' dir='ltr'>Venetias.</span> <span class='ocrx_word' id='word_1_632' title='bbox 1536 5939 1741 6009; x_wconf 85' lang='lat' dir='ltr'>Alius</span> <span class='ocrx_word' id='word_1_633' title='bbox 1786 5942 2012 6011; x_wconf 75' lang='lat' dir='ltr'>frater</span> <span class='ocrx_word' id='word_1_634' title='bbox 2055 5941 2472 6011; x_wconf 89' lang='lat' dir='ltr'>Princivalis</span> <span class='ocrx_word' id='word_1_635' title='bbox 2519 5944 2610 6011; x_wconf 91' lang='lat' dir='ltr'>de</span> <span class='ocrx_word' id='word_1_636' title='bbox 2653 5943 3178 6032; x_wconf 81' lang='lat' dir='ltr'>LampugnanO,</span> <span class='ocrx_word' id='word_1_637' title='bbox 3241 5943 3361 6031; x_wconf 91' lang='lat' dir='ltr'>qui</span> <span class='ocrx_word' id='word_1_638' title='bbox 3420 5944 3492 6009; x_wconf 90' lang='lat' dir='ltr'>in</span> <span class='ocrx_word' id='word_1_639' title='bbox 3556 5956 3748 6012; x_wconf 86' lang='lat' dir='ltr'>terra</span> <span class='ocrx_word' id='word_1_640' title='bbox 3793 5942 4051 6029; x_wconf 89' lang='lat' dir='ltr'>Spedie</span> 
     </span>
    </p>
   </div>
   <div class='ocr_carea' id='block_1_7' title="bbox 4179 736 4361 771">
    <p class='ocr_par' dir='ltr' id='par_1_21' title="bbox 4179 736 4361 771">
     <span class='ocr_line' id='line_1_54' title="bbox 4179 736 4361 771; baseline -0.005 -3"><span class='ocrx_word' id='word_1_641' title='bbox 4179 738 4220 771; x_wconf 72' lang='lat' dir='ltr'>C.</span> <span class='ocrx_word' id='word_1_642' title='bbox 4248 736 4361 769; x_wconf 67' lang='lat'>02?</span> 
     </span>
    </p>
   </div>
   <div class='ocr_carea' id='block_1_8' title="bbox 4195 4565 4465 4615">
    <p class='ocr_par' dir='ltr' id='par_1_22' title="bbox 4195 4565 4465 4615">
     <span class='ocr_line' id='line_1_55' title="bbox 4195 4565 4465 4615; baseline -0.004 -8"><span class='ocrx_word' id='word_1_643' title='bbox 4195 4567 4349 4615; x_wconf 73' lang='lat' dir='ltr'>Mun..</span> <span class='ocrx_word' id='word_1_644' title='bbox 4379 4565 4465 4610; x_wconf 72' lang='lat'>270</span> 
     </span>
    </p>
   </div>
  </div>
 </body>
</html>
