<?xml version="1.0" encoding="UTF-8"?>
<!DOCTYPE html PUBLIC "-//W3C//DTD XHTML 1.0 Transitional//EN"
    "http://www.w3.org/TR/xhtml1/DTD/xhtml1-transitional.dtd">
<html xmlns="http://www.w3.org/1999/xhtml" xml:lang="en" lang="en">
 <head>
  <title>
</title>
<meta http-equiv="Content-Type" content="text/html;charset=utf-8" />
  <meta name='ocr-system' content='tesseract 3.04.00' />
  <meta name='ocr-capabilities' content='ocr_page ocr_carea ocr_par ocr_line ocrx_word'/>
</head>
<body>
  <div class='ocr_page' id='page_1' title='image "./cronicagestorum00bonagoog_0048.png"; bbox 0 0 4895 7066; ppageno 0'>
   <div class='ocr_carea' id='block_1_1' title="bbox 476 3344 742 3394">
    <p class='ocr_par' dir='ltr' id='par_1_1' title="bbox 476 3344 742 3394">
     <span class='ocr_line' id='line_1_1' title="bbox 476 3344 742 3394; baseline 0.019 -12"><span class='ocrx_word' id='word_1_1' title='bbox 476 3344 628 3394; x_wconf 56' lang='grc' dir='ltr'>Μαι..</span> <span class='ocrx_word' id='word_1_2' title='bbox 658 3345 742 3387; x_wconf 76' lang='grc'><strong>288</strong></span> 
     </span>
    </p>
   </div>
   <div class='ocr_carea' id='block_1_2' title="bbox 902 493 4623 579">
    <p class='ocr_par' dir='ltr' id='par_1_2' title="bbox 902 493 4623 579">
     <span class='ocr_line' id='line_1_2' title="bbox 902 493 4623 579; baseline -0.003 -8"><span class='ocrx_word' id='word_1_3' title='bbox 902 495 1001 577; x_wconf 84' lang='grc'><strong>32</strong></span> <span class='ocrx_word' id='word_1_4' title='bbox 2191 493 2673 573; x_wconf 89' lang='lat' dir='ltr'>CRONICA</span> <span class='ocrx_word' id='word_1_5' title='bbox 2732 494 3320 571; x_wconf 89' lang='lat' dir='ltr'><strong>GESTORUM</strong></span> <span class='ocrx_word' id='word_1_6' title='bbox 3627 506 3734 579; x_wconf 76' lang='lat' dir='ltr'><strong>[A.</strong></span> <span class='ocrx_word' id='word_1_7' title='bbox 3774 508 3940 565; x_wconf 68' lang='lat' dir='ltr'><strong>rus</strong></span> <span class='ocrx_word' id='word_1_8' title='bbox 3976 506 4623 579; x_wconf 63' lang='lat' dir='ltr'><strong>settembre-onuba]</strong></span> 
     </span>
    </p>
   </div>
   <div class='ocr_carea' id='block_1_3' title="bbox 2002 653 2548 663">
    <p class='ocr_par' dir='ltr' id='par_1_3' title="bbox 2002 653 2548 663">
     <span class='ocr_line' id='line_1_3' title="bbox 2002 653 2548 663; baseline 0 6403"><span class='ocrx_word' id='word_1_9' title='bbox 2002 653 2548 663; x_wconf 95' lang='lat' dir='ltr'><strong> </strong></span> 
     </span>
    </p>
   </div>
   <div class='ocr_carea' id='block_1_4' title="bbox 4107 649 4614 662">
    <p class='ocr_par' dir='ltr' id='par_1_4' title="bbox 4107 649 4614 662">
     <span class='ocr_line' id='line_1_4' title="bbox 4107 649 4614 662; baseline 0 6404"><span class='ocrx_word' id='word_1_10' title='bbox 4107 649 4614 662; x_wconf 95' lang='lat' dir='ltr'><strong> </strong></span> 
     </span>
    </p>
   </div>
   <div class='ocr_carea' id='block_1_5' title="bbox 2551 654 4106 663">
    <p class='ocr_par' dir='ltr' id='par_1_5' title="bbox 2551 654 4106 663">
     <span class='ocr_line' id='line_1_5' title="bbox 2551 654 4106 663; baseline -0.001 0"><span class='ocrx_word' id='word_1_11' title='bbox 2551 654 4106 663; x_wconf 45' lang='lat' dir='ltr'><strong>*mmmmm-”wmwm--m-”m-fflu</strong></span> 
     </span>
    </p>
   </div>
   <div class='ocr_carea' id='block_1_6' title="bbox 888 763 4774 1817">
    <p class='ocr_par' dir='ltr' id='par_1_6' title="bbox 888 763 4774 1817">
     <span class='ocr_line' id='line_1_6' title="bbox 897 763 4630 861; baseline -0.002 -26"><span class='ocrx_word' id='word_1_12' title='bbox 897 764 1354 861; x_wconf 80' lang='lat' dir='ltr'><strong>assignandis.</strong></span> <span class='ocrx_word' id='word_1_13' title='bbox 1397 788 1443 839; x_wconf 87' lang='lat' dir='ltr'><strong>a</strong></span> <span class='ocrx_word' id='word_1_14' title='bbox 1485 764 1736 859; x_wconf 88' lang='lat' dir='ltr'><strong>quibus</strong></span> <span class='ocrx_word' id='word_1_15' title='bbox 1779 785 1921 839; x_wconf 91' lang='lat' dir='ltr'><strong>non</strong></span> <span class='ocrx_word' id='word_1_16' title='bbox 1964 775 2246 857; x_wconf 79' lang='lat' dir='ltr'><strong>possent</strong></span> <span class='ocrx_word' id='word_1_17' title='bbox 2290 763 2655 839; x_wconf 71' lang='lat' dir='ltr'>discedere</span> <span class='ocrx_word' id='word_1_18' title='bbox 2717 764 2866 837; x_wconf 87' lang='lat' dir='ltr'><strong>sine</strong></span> <span class='ocrx_word' id='word_1_19' title='bbox 2928 763 3217 837; x_wconf 88' lang='lat' dir='ltr'><strong>licentia</strong></span> <span class='ocrx_word' id='word_1_20' title='bbox 3259 763 3676 855; x_wconf 82' lang='lat' dir='ltr'><strong>principum.</strong></span> <span class='ocrx_word' id='word_1_21' title='bbox 3770 766 3864 837; x_wconf 85' lang='lat' dir='ltr'><strong>Et</strong></span> <span class='ocrx_word' id='word_1_22' title='bbox 3909 765 4099 859; x_wconf 87' lang='lat' dir='ltr'><strong>quod</strong></span> <span class='ocrx_word' id='word_1_23' title='bbox 4141 764 4328 839; x_wconf 85' lang='lat' dir='ltr'><strong>bona</strong></span> <span class='ocrx_word' id='word_1_24' title='bbox 4375 784 4630 833; x_wconf 90' lang='lat' dir='ltr'><strong>eorum</strong></span> 
     </span>
     <span class='ocr_line' id='line_1_7' title="bbox 894 871 4631 965; baseline -0.002 -22"><span class='ocrx_word' id='word_1_25' title='bbox 894 873 1301 962; x_wconf 70' lang='lat' dir='ltr'><strong>gauderent.</strong></span> <span class='ocrx_word' id='word_1_26' title='bbox 1393 872 1625 954; x_wconf 82' lang='lat' dir='ltr'><strong>Quam</strong></span> <span class='ocrx_word' id='word_1_27' title='bbox 1670 873 1954 965; x_wconf 90' lang='lat' dir='ltr'><strong>quidem</strong></span> <span class='ocrx_word' id='word_1_28' title='bbox 1999 873 2295 965; x_wconf 86' lang='lat' dir='ltr'><strong>gratiam</strong></span> <span class='ocrx_word' id='word_1_29' title='bbox 2337 873 2478 943; x_wconf 88' lang='lat' dir='ltr'><strong>hoc</strong></span> <span class='ocrx_word' id='word_1_30' title='bbox 2525 872 2739 943; x_wconf 85' lang='lat' dir='ltr'><strong>modo</strong></span> <span class='ocrx_word' id='word_1_31' title='bbox 2770 883 3140 960; x_wconf 81' lang='lat' dir='ltr'>acceptare</span> <span class='ocrx_word' id='word_1_32' title='bbox 3187 871 3590 943; x_wconf 87' lang='lat' dir='ltr'><strong>nolluerunt</strong></span> <span class='ocrx_word' id='word_1_33' title='bbox 3632 883 3704 943; x_wconf 89' lang='lat' dir='ltr'><strong>et</strong></span> <span class='ocrx_word' id='word_1_34' title='bbox 3745 884 3823 943; x_wconf 87' lang='lat' dir='ltr'><strong>ut</strong></span> <span class='ocrx_word' id='word_1_35' title='bbox 3867 884 4073 943; x_wconf 88' lang='lat' dir='ltr'><strong>antea</strong></span> <span class='ocrx_word' id='word_1_36' title='bbox 4115 871 4378 939; x_wconf 82' lang='lat' dir='ltr'><strong>exulles</strong></span> <span class='ocrx_word' id='word_1_37' title='bbox 4422 891 4631 939; x_wconf 88' lang='lat' dir='ltr'><strong>man-</strong></span> 
     </span>
     <span class='ocr_line' id='line_1_8' title="bbox 897 977 4394 1071; baseline -0.001 -20"><span class='ocrx_word' id='word_1_38' title='bbox 897 991 1155 1059; x_wconf 87' lang='lat' dir='ltr'><strong>serunt,</strong></span> <span class='ocrx_word' id='word_1_39' title='bbox 1200 991 1273 1051; x_wconf 85' lang='lat' dir='ltr'><strong>et</strong></span> <span class='ocrx_word' id='word_1_40' title='bbox 1313 980 1455 1070; x_wconf 84' lang='lat' dir='ltr'><strong>jam</strong></span> <span class='ocrx_word' id='word_1_41' title='bbox 1502 979 1736 1051; x_wconf 83' lang='lat' dir='ltr'><strong>littere</strong></span> <span class='ocrx_word' id='word_1_42' title='bbox 1783 977 2158 1071; x_wconf 75' lang='lat' dir='ltr'>superinde</span> <span class='ocrx_word' id='word_1_43' title='bbox 2204 978 2521 1048; x_wconf 90' lang='lat' dir='ltr'><strong>ordinate</strong></span> <span class='ocrx_word' id='word_1_44' title='bbox 2565 978 2845 1048; x_wconf 77' lang='lat' dir='ltr'><strong>fuerant</strong></span> <span class='ocrx_word' id='word_1_45' title='bbox 2889 978 2980 1047; x_wconf 89' lang='lat' dir='ltr'><strong>de</strong></span> <span class='ocrx_word' id='word_1_46' title='bbox 3024 998 3262 1049; x_wconf 87' lang='lat' dir='ltr'><strong>mense</strong></span> <span class='ocrx_word' id='word_1_47' title='bbox 3308 978 3721 1067; x_wconf 70' lang='lat' dir='ltr'><strong>septembris</strong></span> <span class='ocrx_word' id='word_1_48' title='bbox 3766 978 3942 1051; x_wconf 91' lang='lat' dir='ltr'><strong>dicti</strong></span> <span class='ocrx_word' id='word_1_49' title='bbox 3987 979 4150 1046; x_wconf 90' lang='lat' dir='ltr'><strong>anni</strong></span> <span class='ocrx_word' id='word_1_50' title='bbox 4202 977 4394 1050; x_wconf 90' lang='grc'><strong>1478.</strong></span> 
     </span>
     <span class='ocr_line' id='line_1_9' title="bbox 1080 1083 4634 1174; baseline -0.003 -15"><span class='ocrx_word' id='word_1_51' title='bbox 1080 1086 1446 1159; x_wconf 79' lang='lat' dir='ltr'><strong>Timentes</strong></span> <span class='ocrx_word' id='word_1_52' title='bbox 1491 1085 1753 1157; x_wconf 88' lang='lat' dir='ltr'><strong>domini</strong></span> <span class='ocrx_word' id='word_1_53' title='bbox 1798 1085 2017 1155; x_wconf 89' lang='lat' dir='ltr'><strong>duces</strong></span> <span class='ocrx_word' id='word_1_54' title='bbox 2080 1084 2495 1164; x_wconf 80' lang='lat' dir='ltr'><strong>Mediolani,</strong></span> <span class='ocrx_word' id='word_1_55' title='bbox 2541 1106 2631 1155; x_wconf 90' lang='lat' dir='ltr'><strong>ne</strong></span> <span class='ocrx_word' id='word_1_56' title='bbox 2678 1085 2999 1157; x_wconf 87' lang='lat' dir='ltr'><strong>dominus</strong></span> <span class='ocrx_word' id='word_1_57' title='bbox 3042 1083 3399 1155; x_wconf 84' lang='lat' dir='ltr'><strong>Robertus</strong></span> <span class='ocrx_word' id='word_1_58' title='bbox 3445 1108 3534 1153; x_wconf 81' lang='lat' dir='ltr'><strong>ex</strong></span> <span class='ocrx_word' id='word_1_59' title='bbox 3581 1086 3845 1155; x_wconf 84' lang='lat' dir='ltr'><strong>Sancto</strong></span> <span class='ocrx_word' id='word_1_60' title='bbox 3891 1085 4251 1164; x_wconf 89' lang='lat' dir='ltr'><strong>Severino,</strong></span> <span class='ocrx_word' id='word_1_61' title='bbox 4298 1085 4422 1174; x_wconf 87' lang='lat' dir='ltr'><strong>qui</strong></span> <span class='ocrx_word' id='word_1_62' title='bbox 4471 1094 4634 1151; x_wconf 86' lang='lat' dir='ltr'><strong>erat</strong></span> 
     </span>
     <span class='ocr_line' id='line_1_10' title="bbox 888 1185 4770 1285; baseline -0.001 -24"><span class='ocrx_word' id='word_1_63' title='bbox 888 1195 1137 1281; x_wconf 85' lang='lat' dir='ltr'><strong>Janue,</strong></span> <span class='ocrx_word' id='word_1_64' title='bbox 1181 1192 1458 1265; x_wconf 83' lang='lat' dir='ltr'><strong>veniret</strong></span> <span class='ocrx_word' id='word_1_65' title='bbox 1523 1192 1597 1265; x_wconf 92' lang='lat' dir='ltr'><strong>in</strong></span> <span class='ocrx_word' id='word_1_66' title='bbox 1643 1191 1961 1285; x_wconf 83' lang='lat' dir='ltr'><strong>partibus</strong></span> <span class='ocrx_word' id='word_1_67' title='bbox 2004 1191 2358 1272; x_wconf 87' lang='lat' dir='ltr'><strong>Terdone,</strong></span> <span class='ocrx_word' id='word_1_68' title='bbox 2404 1193 2920 1279; x_wconf 84' lang='lat' dir='ltr'><strong>deputaverunt</strong></span> <span class='ocrx_word' id='word_1_69' title='bbox 2988 1191 3313 1263; x_wconf 85' lang='lat' dir='ltr'><strong>comitem</strong></span> <span class='ocrx_word' id='word_1_70' title='bbox 3380 1191 3769 1265; x_wconf 89' lang='lat' dir='ltr'><strong>Marsilium</strong></span> <span class='ocrx_word' id='word_1_71' title='bbox 3813 1192 4174 1264; x_wconf 91' lang='lat' dir='ltr'><strong>Torellum</strong></span> <span class='ocrx_word' id='word_1_72' title='bbox 4238 1192 4313 1261; x_wconf 92' lang='lat' dir='ltr'><strong>in</strong></span> <span class='ocrx_word' id='word_1_73' title='bbox 4358 1189 4628 1281; x_wconf 85' lang='lat' dir='ltr'><strong>guber·-</strong></span> <span class='ocrx_word' id='word_1_74' title='bbox 4729 1185 4770 1257; x_wconf 87' lang='lat'>5</span> 
     </span>
     <span class='ocr_line' id='line_1_11' title="bbox 897 1295 4629 1389; baseline -0.001 -24"><span class='ocrx_word' id='word_1_75' title='bbox 897 1311 1213 1371; x_wconf 89' lang='lat' dir='ltr'><strong>natorem</strong></span> <span class='ocrx_word' id='word_1_76' title='bbox 1258 1299 1561 1387; x_wconf 85' lang='lat' dir='ltr'><strong>partium</strong></span> <span class='ocrx_word' id='word_1_77' title='bbox 1605 1298 2190 1377; x_wconf 86' lang='lat' dir='ltr'><strong>Terdonensium,</strong></span> <span class='ocrx_word' id='word_1_78' title='bbox 2235 1295 2873 1369; x_wconf 81' lang='lat' dir='ltr'><strong>Alexandrinarum</strong></span> <span class='ocrx_word' id='word_1_79' title='bbox 2919 1307 2991 1369; x_wconf 85' lang='lat' dir='ltr'><strong>et</strong></span> <span class='ocrx_word' id='word_1_80' title='bbox 3036 1298 3245 1367; x_wconf 88' lang='lat' dir='ltr'><strong>totius</strong></span> <span class='ocrx_word' id='word_1_81' title='bbox 3288 1297 3472 1369; x_wconf 85' lang='lat' dir='ltr'><strong>illius</strong></span> <span class='ocrx_word' id='word_1_82' title='bbox 3499 1298 3810 1388; x_wconf 82' lang='lat' dir='ltr'><strong>regionis</strong></span> <span class='ocrx_word' id='word_1_83' title='bbox 3838 1318 4080 1367; x_wconf 85' lang='lat' dir='ltr'><strong>versus</strong></span> <span class='ocrx_word' id='word_1_84' title='bbox 4109 1298 4424 1389; x_wconf 88' lang='lat' dir='ltr'><strong>Januam,</strong></span> <span class='ocrx_word' id='word_1_85' title='bbox 4457 1316 4629 1363; x_wconf 88' lang='lat' dir='ltr'><strong>com</strong></span> 
     </span>
     <span class='ocr_line' id='line_1_12' title="bbox 896 1402 4629 1499; baseline -0.001 -27"><span class='ocrx_word' id='word_1_86' title='bbox 896 1405 1323 1494; x_wconf 82' lang='lat' dir='ltr'><strong>amplissima</strong></span> <span class='ocrx_word' id='word_1_87' title='bbox 1364 1416 1711 1499; x_wconf 74' lang='lat' dir='ltr'><strong>potestate</strong></span> <span class='ocrx_word' id='word_1_88' title='bbox 1758 1416 1830 1475; x_wconf 90' lang='lat' dir='ltr'><strong>et</strong></span> <span class='ocrx_word' id='word_1_89' title='bbox 1875 1405 2045 1473; x_wconf 88' lang='lat' dir='ltr'><strong>satis</strong></span> <span class='ocrx_word' id='word_1_90' title='bbox 2090 1402 2383 1473; x_wconf 78' lang='lat' dir='ltr'><strong>notabili</strong></span> <span class='ocrx_word' id='word_1_91' title='bbox 2430 1404 2766 1475; x_wconf 80' lang='lat' dir='ltr'><strong>comitiva</strong></span> <span class='ocrx_word' id='word_1_92' title='bbox 2806 1403 3144 1495; x_wconf 87' lang='lat' dir='ltr'><strong>peditum,</strong></span> <span class='ocrx_word' id='word_1_93' title='bbox 3192 1424 3351 1475; x_wconf 89' lang='lat' dir='ltr'><strong>com</strong></span> <span class='ocrx_word' id='word_1_94' title='bbox 3397 1405 3651 1493; x_wconf 87' lang='lat' dir='ltr'><strong>quibus</strong></span> <span class='ocrx_word' id='word_1_95' title='bbox 3698 1405 3962 1492; x_wconf 88' lang='lat' dir='ltr'><strong>optime</strong></span> <span class='ocrx_word' id='word_1_96' title='bbox 4009 1424 4085 1477; x_wconf 83' lang='lat' dir='ltr'><strong>se</strong></span> <span class='ocrx_word' id='word_1_97' title='bbox 4130 1404 4341 1495; x_wconf 80' lang='lat' dir='ltr'><strong>gessit</strong></span> <span class='ocrx_word' id='word_1_98' title='bbox 4369 1403 4443 1470; x_wconf 90' lang='lat' dir='ltr'><strong>in</strong></span> <span class='ocrx_word' id='word_1_99' title='bbox 4473 1402 4629 1473; x_wconf 85' lang='lat' dir='ltr'><strong>illis</strong></span> 
     </span>
     <span class='ocr_line' id='line_1_13' title="bbox 898 1508 4201 1603; baseline -0.001 -20"><span class='ocrx_word' id='word_1_100' title='bbox 898 1511 1217 1600; x_wconf 85' lang='lat' dir='ltr'><strong>partibus</strong></span> <span class='ocrx_word' id='word_1_101' title='bbox 1260 1532 1391 1603; x_wconf 87' lang='lat' dir='ltr'><strong>pro</strong></span> <span class='ocrx_word' id='word_1_102' title='bbox 1433 1523 1617 1583; x_wconf 83' lang='lat' dir='ltr'><strong>statu</strong></span> <span class='ocrx_word' id='word_1_103' title='bbox 1660 1510 2072 1581; x_wconf 83' lang='lat' dir='ltr'><strong>Mediolani.</strong></span> <span class='ocrx_word' id='word_1_104' title='bbox 2163 1510 2256 1581; x_wconf 92' lang='lat' dir='ltr'><strong>Et</strong></span> <span class='ocrx_word' id='word_1_105' title='bbox 2300 1508 2469 1581; x_wconf 87' lang='lat' dir='ltr'><strong>hoc&#39;</strong></span> <span class='ocrx_word' id='word_1_106' title='bbox 2515 1510 2652 1583; x_wconf 81' lang='lat' dir='ltr'><strong>fuit</strong></span> <span class='ocrx_word' id='word_1_107' title='bbox 2696 1511 2786 1581; x_wconf 89' lang='lat' dir='ltr'><strong>de</strong></span> <span class='ocrx_word' id='word_1_108' title='bbox 2833 1529 3068 1581; x_wconf 87' lang='lat' dir='ltr'><strong>mense</strong></span> <span class='ocrx_word' id='word_1_109' title='bbox 3115 1510 3527 1599; x_wconf 86' lang='lat' dir='ltr'><strong>septembris</strong></span> <span class='ocrx_word' id='word_1_110' title='bbox 3573 1511 3744 1581; x_wconf 91' lang='lat' dir='ltr'><strong>dicti</strong></span> <span class='ocrx_word' id='word_1_111' title='bbox 3789 1511 3956 1578; x_wconf 88' lang='lat' dir='ltr'><strong>anni</strong></span> <span class='ocrx_word' id='word_1_112' title='bbox 4011 1508 4201 1583; x_wconf 87' lang='lat'><strong>1478.</strong></span> 
     </span>
     <span class='ocr_line' id='line_1_14' title="bbox 1074 1602 4625 1707; baseline -0.002 -16"><span class='ocrx_word' id='word_1_113' title='bbox 1074 1617 1508 1691; x_wconf 86' lang='lat' dir='ltr'><strong>Minantibus</strong></span> <span class='ocrx_word' id='word_1_114' title='bbox 1553 1617 1903 1690; x_wconf 86' lang='lat' dir='ltr'><strong>nobilibus</strong></span> <span class='ocrx_word' id='word_1_115' title='bbox 1949 1617 2037 1688; x_wconf 89' lang='lat' dir='ltr'><strong>de</strong></span> <span class='ocrx_word' id='word_1_116' title='bbox 2081 1602 2517 1689; x_wconf 75' lang='lat' dir='ltr'><strong>Flisco‘vele</strong></span> <span class='ocrx_word' id='word_1_117' title='bbox 2547 1638 2811 1707; x_wconf 90' lang='lat' dir='ltr'><strong>ponere</strong></span> <span class='ocrx_word' id='word_1_118' title='bbox 2841 1629 3070 1687; x_wconf 86' lang='lat' dir='ltr'><strong>castra</strong></span> <span class='ocrx_word' id='word_1_119' title='bbox 3097 1615 3534 1687; x_wconf 84' lang='lat' dir='ltr'><strong>Pontremuli</strong></span> <span class='ocrx_word' id='word_1_120' title='bbox 3564 1629 3636 1689; x_wconf 91' lang='lat' dir='ltr'><strong>et</strong></span> <span class='ocrx_word' id='word_1_121' title='bbox 3664 1618 3899 1707; x_wconf 85' lang='lat' dir='ltr'><strong>Burgo</strong></span> <span class='ocrx_word' id='word_1_122' title='bbox 3930 1618 4155 1686; x_wconf 87' lang='lat' dir='ltr'><strong>Vallis</strong></span> <span class='ocrx_word' id='word_1_123' title='bbox 4199 1617 4428 1697; x_wconf 84' lang='lat' dir='ltr'><strong>Tarri,</strong></span> <span class='ocrx_word' id='word_1_124' title='bbox 4474 1638 4625 1704; x_wconf 90' lang='lat' dir='ltr'><strong>que</strong></span> 
     </span>
     <span class='ocr_line' id='line_1_15' title="bbox 909 1722 4774 1817; baseline -0.002 -22"><span class='ocrx_word' id='word_1_125' title='bbox 909 1726 1002 1795; x_wconf 89' lang='lat' dir='ltr'><strong>ad</strong></span> <span class='ocrx_word' id='word_1_126' title='bbox 1047 1746 1121 1795; x_wconf 89' lang='lat' dir='ltr'><strong>se</strong></span> <span class='ocrx_word' id='word_1_127' title='bbox 1165 1735 1488 1817; x_wconf 85' lang='lat' dir='ltr'><strong>spectare</strong></span> <span class='ocrx_word' id='word_1_128' title='bbox 1522 1723 1883 1803; x_wconf 76' lang='lat' dir='ltr'><strong>dicebant,</strong></span> <span class='ocrx_word' id='word_1_129' title='bbox 1931 1725 2022 1793; x_wconf 91' lang='lat' dir='ltr'><strong>de</strong></span> <span class='ocrx_word' id='word_1_130' title='bbox 2067 1723 2259 1793; x_wconf 88' lang='lat' dir='ltr'><strong>dicto</strong></span> <span class='ocrx_word' id='word_1_131' title='bbox 2305 1745 2543 1794; x_wconf 88' lang='lat' dir='ltr'><strong>mense</strong></span> <span class='ocrx_word' id='word_1_132' title='bbox 2573 1723 2987 1812; x_wconf 77' lang='lat' dir='ltr'><strong>septembris</strong></span> <span class='ocrx_word' id='word_1_133' title='bbox 3032 1724 3324 1793; x_wconf 89' lang='lat' dir='ltr'><strong>ellectus</strong></span> <span class='ocrx_word' id='word_1_134' title='bbox 3352 1724 3492 1795; x_wconf 81' lang='lat' dir='ltr'><strong>fuit</strong></span> <span class='ocrx_word' id='word_1_135' title='bbox 3521 1746 3649 1812; x_wconf 91' lang='lat' dir='ltr'><strong>pro</strong></span> <span class='ocrx_word' id='word_1_136' title='bbox 3679 1724 4152 1815; x_wconf 85' lang='lat' dir='ltr'><strong>gubernatore</strong></span> <span class='ocrx_word' id='word_1_137' title='bbox 4181 1722 4626 1793; x_wconf 86' lang='lat' dir='ltr'><strong>Pontremuli</strong></span> <span class='ocrx_word' id='word_1_138' title='bbox 4686 1724 4774 1787; x_wconf 91' lang='grc'><strong>10</strong></span> 
     </span>
    </p>
   </div>
   <div class='ocr_carea' id='block_1_7' title="bbox 883 1829 4623 1921">
    <p class='ocr_par' dir='ltr' id='par_1_7' title="bbox 883 1829 4623 1921">
     <span class='ocr_line' id='line_1_16' title="bbox 883 1829 4623 1921; baseline -0 -23"><span class='ocrx_word' id='word_1_139' title='bbox 883 1838 971 1901; x_wconf 79' lang='lat' dir='ltr'><strong>&#39;et</strong></span> <span class='ocrx_word' id='word_1_140' title='bbox 1014 1831 1226 1903; x_wconf 88' lang='lat' dir='ltr'><strong>totius</strong></span> <span class='ocrx_word' id='word_1_141' title='bbox 1266 1831 1637 1903; x_wconf 85' lang='lat' dir='ltr'><strong>Lunesane</strong></span> <span class='ocrx_word' id='word_1_142' title='bbox 1681 1851 1814 1918; x_wconf 83' lang='lat' dir='ltr'><strong>pro</strong></span> <span class='ocrx_word' id='word_1_143' title='bbox 1859 1842 2039 1901; x_wconf 86' lang='lat' dir='ltr'><strong>statu</strong></span> <span class='ocrx_word' id='word_1_144' title='bbox 2084 1829 2471 1903; x_wconf 89' lang='lat' dir='ltr'><strong>Mediolani</strong></span> <span class='ocrx_word' id='word_1_145' title='bbox 2519 1830 2922 1921; x_wconf 87' lang='lat' dir='ltr'><strong>magnificus</strong></span> <span class='ocrx_word' id='word_1_146' title='bbox 2965 1831 3165 1901; x_wconf 91' lang='lat' dir='ltr'><strong>miles</strong></span> <span class='ocrx_word' id='word_1_147' title='bbox 3225 1843 3295 1899; x_wconf 89' lang='lat' dir='ltr'><strong>et</strong></span> <span class='ocrx_word' id='word_1_148' title='bbox 3341 1851 3581 1901; x_wconf 88' lang='lat' dir='ltr'><strong>comes</strong></span> <span class='ocrx_word' id='word_1_149' title='bbox 3627 1831 3953 1901; x_wconf 89' lang='lat' dir='ltr'><strong>dominus</strong></span> <span class='ocrx_word' id='word_1_150' title='bbox 4006 1831 4238 1901; x_wconf 89' lang='lat' dir='ltr'><strong>Guido</strong></span> <span class='ocrx_word' id='word_1_151' title='bbox 4299 1830 4623 1909; x_wconf 82' lang='lat' dir='ltr'><strong>Rubeus,</strong></span> 
     </span>
    </p>
   </div>
   <div class='ocr_carea' id='block_1_8' title="bbox 895 1934 4768 5868">
    <p class='ocr_par' dir='ltr' id='par_1_8' title="bbox 898 1934 4767 2669">
     <span class='ocr_line' id='line_1_17' title="bbox 904 1934 4623 2031; baseline 0 -25"><span class='ocrx_word' id='word_1_152' title='bbox 904 1938 1028 2028; x_wconf 91' lang='lat' dir='ltr'><strong>qui</strong></span> <span class='ocrx_word' id='word_1_153' title='bbox 1073 1959 1230 2009; x_wconf 90' lang='lat' dir='ltr'><strong>com</strong></span> <span class='ocrx_word' id='word_1_154' title='bbox 1274 1936 1699 2031; x_wconf 86' lang='lat' dir='ltr'><strong>amplissima</strong></span> <span class='ocrx_word' id='word_1_155' title='bbox 1743 1936 2229 2009; x_wconf 85' lang='lat' dir='ltr'><strong>commissione</strong></span> <span class='ocrx_word' id='word_1_156' title='bbox 2276 1948 2348 2003; x_wconf 88' lang='lat' dir='ltr'><strong>et</strong></span> <span class='ocrx_word' id='word_1_157' title='bbox 2389 1947 2758 2031; x_wconf 85' lang='lat' dir='ltr'><strong>potestate,</strong></span> <span class='ocrx_word' id='word_1_158' title='bbox 2804 1934 2889 2007; x_wconf 81' lang='lat' dir='ltr'><strong>ac</strong></span> <span class='ocrx_word' id='word_1_159' title='bbox 2933 1958 3092 2007; x_wconf 90' lang='lat' dir='ltr'><strong>com</strong></span> <span class='ocrx_word' id='word_1_160' title='bbox 3138 1938 3373 2009; x_wconf 88' lang='lat' dir='ltr'><strong>multis</strong></span> <span class='ocrx_word' id='word_1_161' title='bbox 3417 1937 3776 2025; x_wconf 84' lang='lat' dir='ltr'><strong>peditibus</strong></span> <span class='ocrx_word' id='word_1_162' title='bbox 3819 1939 3960 2004; x_wconf 87' lang='lat' dir='ltr'><strong>suis</strong></span> <span class='ocrx_word' id='word_1_163' title='bbox 4002 1938 4294 2005; x_wconf 85' lang='lat' dir='ltr'><strong>accessit</strong></span> <span class='ocrx_word' id='word_1_164' title='bbox 4323 1936 4623 2008; x_wconf 88' lang='lat' dir='ltr'><strong>Pontre·</strong></span> 
     </span>
     <span class='ocr_line' id='line_1_18' title="bbox 900 2043 4624 2137; baseline -0.001 -25"><span class='ocrx_word' id='word_1_165' title='bbox 900 2045 1159 2113; x_wconf 88' lang='lat' dir='ltr'><strong>mulum</strong></span> <span class='ocrx_word' id='word_1_166' title='bbox 1207 2055 1279 2115; x_wconf 84' lang='lat' dir='ltr'><strong>et</strong></span> <span class='ocrx_word' id='word_1_167' title='bbox 1324 2046 1658 2135; x_wconf 88' lang='lat' dir='ltr'><strong>optimam</strong></span> <span class='ocrx_word' id='word_1_168' title='bbox 1705 2065 1944 2113; x_wconf 87' lang='lat' dir='ltr'><strong>curam</strong></span> <span class='ocrx_word' id='word_1_169' title='bbox 1987 2044 2231 2115; x_wconf 84' lang='lat' dir='ltr'><strong>habuit</strong></span> <span class='ocrx_word' id='word_1_170' title='bbox 2274 2043 2619 2113; x_wconf 89' lang='lat' dir='ltr'><strong>dictarum</strong></span> <span class='ocrx_word' id='word_1_171' title='bbox 2663 2044 2985 2130; x_wconf 88' lang='lat' dir='ltr'><strong>partium,</strong></span> <span class='ocrx_word' id='word_1_172' title='bbox 3030 2045 3105 2113; x_wconf 91' lang='lat' dir='ltr'><strong>in</strong></span> <span class='ocrx_word' id='word_1_173' title='bbox 3150 2044 3403 2137; x_wconf 90' lang='lat' dir='ltr'><strong>quibus</strong></span> <span class='ocrx_word' id='word_1_174' title='bbox 3447 2045 3739 2113; x_wconf 88' lang='lat' dir='ltr'><strong>multum</strong></span> <span class='ocrx_word' id='word_1_175' title='bbox 3770 2043 4175 2113; x_wconf 86' lang='lat' dir='ltr'><strong>notabiliter</strong></span> <span class='ocrx_word' id='word_1_176' title='bbox 4206 2055 4276 2113; x_wconf 91' lang='lat' dir='ltr'><strong>et</strong></span> <span class='ocrx_word' id='word_1_177' title='bbox 4304 2064 4460 2111; x_wconf 91' lang='lat' dir='ltr'><strong>com</strong></span> <span class='ocrx_word' id='word_1_178' title='bbox 4492 2043 4624 2111; x_wconf 89' lang='lat' dir='ltr'><strong>be-</strong></span> 
     </span>
     <span class='ocr_line' id='line_1_19' title="bbox 898 2150 4622 2242; baseline 0 -24"><span class='ocrx_word' id='word_1_179' title='bbox 898 2152 1287 2223; x_wconf 83' lang='lat' dir='ltr'><strong>nivolentia</strong></span> <span class='ocrx_word' id='word_1_180' title='bbox 1330 2150 1670 2225; x_wconf 85' lang='lat' dir='ltr'><strong>nobilium</strong></span> <span class='ocrx_word' id='word_1_181' title='bbox 1717 2161 1789 2223; x_wconf 90' lang='lat' dir='ltr'><strong>et</strong></span> <span class='ocrx_word' id='word_1_182' title='bbox 1833 2150 2123 2221; x_wconf 87' lang='lat' dir='ltr'><strong>aliorum</strong></span> <span class='ocrx_word' id='word_1_183' title='bbox 2171 2152 2263 2221; x_wconf 91' lang='lat' dir='ltr'><strong>de</strong></span> <span class='ocrx_word' id='word_1_184' title='bbox 2304 2150 2475 2238; x_wconf 86' lang='lat' dir='ltr'><strong>ipsis</strong></span> <span class='ocrx_word' id='word_1_185' title='bbox 2521 2150 2906 2223; x_wconf 89' lang='lat' dir='ltr'><strong>contractis</strong></span> <span class='ocrx_word' id='word_1_186' title='bbox 2948 2172 3022 2219; x_wconf 92' lang='lat' dir='ltr'><strong>se</strong></span> <span class='ocrx_word' id='word_1_187' title='bbox 3067 2151 3305 2242; x_wconf 86' lang='lat' dir='ltr'><strong>gessit,</strong></span> <span class='ocrx_word' id='word_1_188' title='bbox 3352 2152 3677 2241; x_wconf 87' lang='lat' dir='ltr'><strong>cepitque</strong></span> <span class='ocrx_word' id='word_1_189' title='bbox 3722 2172 3864 2223; x_wconf 91' lang='lat' dir='ltr'><strong>una</strong></span> <span class='ocrx_word' id='word_1_190' title='bbox 3907 2163 4116 2222; x_wconf 88' lang='lat' dir='ltr'><strong>nocte</strong></span> <span class='ocrx_word' id='word_1_191' title='bbox 4148 2150 4496 2238; x_wconf 88' lang='lat' dir='ltr'><strong>quendam</strong></span> <span class='ocrx_word' id='word_1_192' title='bbox 4527 2150 4622 2219; x_wconf 89' lang='lat' dir='ltr'><strong>de</strong></span> 
     </span>
     <span class='ocr_line' id='line_1_20' title="bbox 898 2255 4767 2351; baseline -0.001 -25"><span class='ocrx_word' id='word_1_193' title='bbox 898 2259 1110 2326; x_wconf 91' lang='lat' dir='ltr'><strong>Nolla</strong></span> <span class='ocrx_word' id='word_1_194' title='bbox 1155 2258 1661 2328; x_wconf 83' lang='lat' dir='ltr'><strong>ferocissimum</strong></span> <span class='ocrx_word' id='word_1_195' title='bbox 1705 2258 2123 2348; x_wconf 89' lang='lat' dir='ltr'><strong>armigerum</strong></span> <span class='ocrx_word' id='word_1_196' title='bbox 2171 2258 2344 2326; x_wconf 92' lang='lat' dir='ltr'><strong>dicti</strong></span> <span class='ocrx_word' id='word_1_197' title='bbox 2388 2257 2658 2326; x_wconf 91' lang='lat' dir='ltr'><strong>domini</strong></span> <span class='ocrx_word' id='word_1_198' title='bbox 2699 2257 3001 2329; x_wconf 89' lang='lat' dir='ltr'><strong>Roberti</strong></span> <span class='ocrx_word' id='word_1_199' title='bbox 3048 2279 3206 2329; x_wconf 91' lang='lat' dir='ltr'><strong>com</strong></span> <span class='ocrx_word' id='word_1_200' title='bbox 3250 2278 3389 2326; x_wconf 90' lang='lat' dir='ltr'><strong>uno</strong></span> <span class='ocrx_word' id='word_1_201' title='bbox 3435 2259 3743 2327; x_wconf 83' lang='lat' dir='ltr'><strong>curserio</strong></span> <span class='ocrx_word' id='word_1_202' title='bbox 3773 2259 3998 2351; x_wconf 84' lang='lat' dir='ltr'><strong>precij</strong></span> <span class='ocrx_word' id='word_1_203' title='bbox 4033 2259 4441 2327; x_wconf 86' lang='lat' dir='ltr'><strong>ducatorum</strong></span> <span class='ocrx_word' id='word_1_204' title='bbox 4485 2257 4621 2323; x_wconf 88' lang='lat' dir='ltr'><strong>du·</strong></span> <span class='ocrx_word' id='word_1_205' title='bbox 4683 2255 4767 2321; x_wconf 88' lang='lat'><strong>15</strong></span> 
     </span>
     <span class='ocr_line' id='line_1_21' title="bbox 899 2361 4624 2455; baseline -0.001 -23"><span class='ocrx_word' id='word_1_206' title='bbox 899 2378 1259 2437; x_wconf 85' lang='lat' dir='ltr'><strong>centorum</strong></span> <span class='ocrx_word' id='word_1_207' title='bbox 1305 2377 1376 2441; x_wconf 87' lang='lat' dir='ltr'><strong>et</strong></span> <span class='ocrx_word' id='word_1_208' title='bbox 1422 2386 1580 2436; x_wconf 92' lang='lat' dir='ltr'><strong>com</strong></span> <span class='ocrx_word' id='word_1_209' title='bbox 1625 2365 1856 2437; x_wconf 86' lang='lat' dir='ltr'><strong>multis</strong></span> <span class='ocrx_word' id='word_1_210' title='bbox 1899 2365 2154 2446; x_wconf 88' lang='lat' dir='ltr'><strong>aureis,</strong></span> <span class='ocrx_word' id='word_1_211' title='bbox 2203 2365 2634 2455; x_wconf 85' lang='lat' dir='ltr'><strong>cepissetque</strong></span> <span class='ocrx_word' id='word_1_212' title='bbox 2682 2364 3037 2435; x_wconf 89' lang='lat' dir='ltr'><strong>dominum</strong></span> <span class='ocrx_word' id='word_1_213' title='bbox 3085 2365 3460 2455; x_wconf 86' lang='lat' dir='ltr'><strong>Georgium</strong></span> <span class='ocrx_word' id='word_1_214' title='bbox 3504 2365 3719 2435; x_wconf 87' lang='lat' dir='ltr'><strong>filium</strong></span> <span class='ocrx_word' id='word_1_215' title='bbox 3767 2364 3940 2435; x_wconf 92' lang='lat' dir='ltr'><strong>dicti</strong></span> <span class='ocrx_word' id='word_1_216' title='bbox 3988 2363 4255 2434; x_wconf 86' lang='lat' dir='ltr'><strong>domini</strong></span> <span class='ocrx_word' id='word_1_217' title='bbox 4313 2361 4624 2435; x_wconf 89' lang='lat' dir='ltr'><strong>Roberti</strong></span> 
     </span>
     <span class='ocr_line' id='line_1_22' title="bbox 899 2469 4623 2565; baseline -0 -25"><span class='ocrx_word' id='word_1_218' title='bbox 899 2471 1298 2565; x_wconf 87' lang='lat' dir='ltr'><strong>allogiatum</strong></span> <span class='ocrx_word' id='word_1_219' title='bbox 1341 2472 1416 2541; x_wconf 91' lang='lat' dir='ltr'><strong>in</strong></span> <span class='ocrx_word' id='word_1_220' title='bbox 1460 2482 1689 2543; x_wconf 85' lang='lat' dir='ltr'><strong>castro</strong></span> <span class='ocrx_word' id='word_1_221' title='bbox 1733 2471 2186 2542; x_wconf 85' lang='lat' dir='ltr'><strong>Petresancte</strong></span> <span class='ocrx_word' id='word_1_222' title='bbox 2232 2492 2375 2539; x_wconf 88' lang='lat' dir='ltr'><strong>una</strong></span> <span class='ocrx_word' id='word_1_223' title='bbox 2419 2483 2652 2553; x_wconf 89' lang='lat' dir='ltr'><strong>nocte,</strong></span> <span class='ocrx_word' id='word_1_224' title='bbox 2701 2470 2834 2537; x_wconf 88' lang='lat' dir='ltr'><strong>nisi</strong></span> <span class='ocrx_word' id='word_1_225' title='bbox 2878 2470 3202 2560; x_wconf 87' lang='lat' dir='ltr'><strong>proditus</strong></span> <span class='ocrx_word' id='word_1_226' title='bbox 3246 2470 3489 2539; x_wconf 75' lang='lat' dir='ltr'><strong>fuisset</strong></span> <span class='ocrx_word' id='word_1_227' title='bbox 3532 2494 3576 2541; x_wconf 91' lang='lat' dir='ltr'><strong>a</strong></span> <span class='ocrx_word' id='word_1_228' title='bbox 3621 2470 4033 2561; x_wconf 86' lang='lat' dir='ltr'><strong>quibusdam</strong></span> <span class='ocrx_word' id='word_1_229' title='bbox 4092 2469 4369 2543; x_wconf 88' lang='lat' dir='ltr'><strong>rusticis</strong></span> <span class='ocrx_word' id='word_1_230' title='bbox 4430 2469 4623 2539; x_wconf 84' lang='lat' dir='ltr'><strong>illius</strong></span> 
     </span>
     <span class='ocr_line' id='line_1_23' title="bbox 903 2578 3012 2669; baseline -0 -23"><span class='ocrx_word' id='word_1_231' title='bbox 903 2579 1230 2668; x_wconf 85' lang='lat' dir='ltr'><strong>regionis,</strong></span> <span class='ocrx_word' id='word_1_232' title='bbox 1276 2579 1398 2669; x_wconf 90' lang='lat' dir='ltr'><strong>qui</strong></span> <span class='ocrx_word' id='word_1_233' title='bbox 1443 2578 1762 2649; x_wconf 85' lang='lat' dir='ltr'><strong>notitiam</strong></span> <span class='ocrx_word' id='word_1_234' title='bbox 1806 2580 2132 2649; x_wconf 80' lang='lat' dir='ltr'><strong>fecerunt</strong></span> <span class='ocrx_word' id='word_1_235' title='bbox 2172 2578 2310 2667; x_wconf 86' lang='lat' dir='ltr'><strong>ipsi</strong></span> <span class='ocrx_word' id='word_1_236' title='bbox 2357 2578 2642 2647; x_wconf 89' lang='lat' dir='ltr'><strong>domino</strong></span> <span class='ocrx_word' id='word_1_237' title='bbox 2687 2578 3012 2668; x_wconf 87' lang='lat' dir='ltr'><strong>Georgi0.</strong></span> 
     </span>
    </p>

    <p class='ocr_par' dir='ltr' id='par_1_9' title="bbox 895 2682 4767 4057">
     <span class='ocr_line' id='line_1_24' title="bbox 1074 2682 4624 2773; baseline -0.002 -16"><span class='ocrx_word' id='word_1_238' title='bbox 1074 2686 1348 2757; x_wconf 90' lang='lat' dir='ltr'><strong>Eodem</strong></span> <span class='ocrx_word' id='word_1_239' title='bbox 1395 2705 1576 2757; x_wconf 84' lang='lat' dir='ltr'><strong>anno</strong></span> <span class='ocrx_word' id='word_1_240' title='bbox 1629 2683 1795 2757; x_wconf 89' lang='grc'>1478</span> <span class='ocrx_word' id='word_1_241' title='bbox 1859 2684 1951 2754; x_wconf 88' lang='lat' dir='ltr'><strong>de</strong></span> <span class='ocrx_word' id='word_1_242' title='bbox 2012 2704 2250 2757; x_wconf 88' lang='lat' dir='ltr'><strong>mense</strong></span> <span class='ocrx_word' id='word_1_243' title='bbox 2295 2682 2609 2754; x_wconf 89' lang='lat' dir='ltr'><strong>octobris</strong></span> <span class='ocrx_word' id='word_1_244' title='bbox 2651 2683 2970 2753; x_wconf 89' lang='lat' dir='ltr'><strong>dominus</strong></span> <span class='ocrx_word' id='word_1_245' title='bbox 3009 2683 3435 2771; x_wconf 88' lang='lat' dir='ltr'><strong>Baptistinus</strong></span> <span class='ocrx_word' id='word_1_246' title='bbox 3489 2686 3579 2753; x_wconf 88' lang='lat' dir='ltr'><strong>de</strong></span> <span class='ocrx_word' id='word_1_247' title='bbox 3628 2682 4213 2773; x_wconf 85' lang='lat' dir='ltr'><strong>Campofrugosio</strong></span> <span class='ocrx_word' id='word_1_248' title='bbox 4257 2684 4624 2751; x_wconf 82' lang='lat' dir='ltr'><strong>Novarum</strong></span> 
     </span>
     <span class='ocr_line' id='line_1_25' title="bbox 896 2790 4767 2881; baseline -0.001 -22"><span class='ocrx_word' id='word_1_249' title='bbox 896 2792 1234 2871; x_wconf 83' lang='lat' dir='ltr'><strong>dominus,</strong></span> <span class='ocrx_word' id='word_1_250' title='bbox 1279 2792 1472 2862; x_wconf 89' lang='lat' dir='ltr'><strong>cuius</strong></span> <span class='ocrx_word' id='word_1_251' title='bbox 1514 2804 1713 2880; x_wconf 90' lang='lat' dir='ltr'><strong>pater</strong></span> <span class='ocrx_word' id='word_1_252' title='bbox 1758 2791 1991 2863; x_wconf 78' lang='lat' dir='ltr'><strong>fuerat</strong></span> <span class='ocrx_word' id='word_1_253' title='bbox 2058 2792 2203 2859; x_wconf 82' lang='lat' dir='ltr'><strong>dux</strong></span> <span class='ocrx_word' id='word_1_254' title='bbox 2267 2792 2519 2881; x_wconf 89' lang='lat' dir='ltr'><strong>Janue,</strong></span> <span class='ocrx_word' id='word_1_255' title='bbox 2566 2792 2848 2859; x_wconf 89' lang='lat' dir='ltr'><strong>nomine</strong></span> <span class='ocrx_word' id='word_1_256' title='bbox 2911 2790 3235 2862; x_wconf 88' lang='lat' dir='ltr'><strong>dominus</strong></span> <span class='ocrx_word' id='word_1_257' title='bbox 3292 2791 3608 2874; x_wconf 87' lang='lat' dir='ltr'><strong>Perinus,</strong></span> <span class='ocrx_word' id='word_1_258' title='bbox 3670 2804 4020 2880; x_wconf 88' lang='lat' dir='ltr'><strong>tamquam</strong></span> <span class='ocrx_word' id='word_1_259' title='bbox 4081 2791 4343 2863; x_wconf 88' lang='lat' dir='ltr'><strong>amicus</strong></span> <span class='ocrx_word' id='word_1_260' title='bbox 4401 2803 4624 2861; x_wconf 90' lang='lat' dir='ltr'><strong>status</strong></span> <span class='ocrx_word' id='word_1_261' title='bbox 4677 2794 4767 2855; x_wconf 85' lang='lat'><strong>20</strong></span> 
     </span>
     <span class='ocr_line' id='line_1_26' title="bbox 897 2896 4624 2993; baseline 0 -28"><span class='ocrx_word' id='word_1_262' title='bbox 897 2898 1311 2978; x_wconf 89' lang='lat' dir='ltr'><strong>Mediolani,</strong></span> <span class='ocrx_word' id='word_1_263' title='bbox 1357 2898 1642 2969; x_wconf 83' lang='lat' dir='ltr'><strong>intravit</strong></span> <span class='ocrx_word' id='word_1_264' title='bbox 1684 2919 1826 2971; x_wconf 89' lang='lat' dir='ltr'><strong>una</strong></span> <span class='ocrx_word' id='word_1_265' title='bbox 1870 2910 2078 2969; x_wconf 89' lang='lat' dir='ltr'><strong>nocte</strong></span> <span class='ocrx_word' id='word_1_266' title='bbox 2123 2897 2199 2967; x_wconf 91' lang='lat' dir='ltr'><strong>in</strong></span> <span class='ocrx_word' id='word_1_267' title='bbox 2245 2896 2591 2968; x_wconf 80' lang='lat' dir='ltr'><strong>fortilicio</strong></span> <span class='ocrx_word' id='word_1_268' title='bbox 2636 2897 2889 2966; x_wconf 91' lang='lat' dir='ltr'><strong>Luculi</strong></span> <span class='ocrx_word' id='word_1_269' title='bbox 2936 2898 3239 2986; x_wconf 88' lang='lat' dir='ltr'><strong>desuper</strong></span> <span class='ocrx_word' id='word_1_270' title='bbox 3283 2898 3735 2971; x_wconf 88' lang='lat' dir='ltr'><strong>Castelletum</strong></span> <span class='ocrx_word' id='word_1_271' title='bbox 3795 2900 4017 2993; x_wconf 89' lang='lat' dir='ltr'><strong>Janue</strong></span> <span class='ocrx_word' id='word_1_272' title='bbox 4077 2918 4236 2965; x_wconf 89' lang='lat' dir='ltr'><strong>com</strong></span> <span class='ocrx_word' id='word_1_273' title='bbox 4296 2899 4624 2968; x_wconf 89' lang='lat' dir='ltr'><strong>ducentis</strong></span> 
     </span>
     <span class='ocr_line' id='line_1_27' title="bbox 899 3003 4620 3095; baseline 0 -24"><span class='ocrx_word' id='word_1_274' title='bbox 899 3004 1249 3091; x_wconf 90' lang='lat' dir='ltr'><strong>peditibus</strong></span> <span class='ocrx_word' id='word_1_275' title='bbox 1292 3005 1473 3074; x_wconf 87' lang='lat' dir='ltr'><strong>bene</strong></span> <span class='ocrx_word' id='word_1_276' title='bbox 1521 3004 1826 3085; x_wconf 89' lang='lat' dir='ltr'><strong>armatis,</strong></span> <span class='ocrx_word' id='word_1_277' title='bbox 1872 3005 2237 3093; x_wconf 88' lang='lat' dir='ltr'><strong>ipsumque</strong></span> <span class='ocrx_word' id='word_1_278' title='bbox 2280 3005 2524 3074; x_wconf 79' lang='lat' dir='ltr'><strong>locum</strong></span> <span class='ocrx_word' id='word_1_279' title='bbox 2563 3016 2702 3075; x_wconf 89' lang='lat' dir='ltr'><strong>tam</strong></span> <span class='ocrx_word' id='word_1_280' title='bbox 2748 3004 3090 3093; x_wconf 88' lang='lat' dir='ltr'><strong>gentibus,</strong></span> <span class='ocrx_word' id='word_1_281' title='bbox 3137 3025 3347 3092; x_wconf 89' lang='lat' dir='ltr'><strong>quam</strong></span> <span class='ocrx_word' id='word_1_282' title='bbox 3393 3004 3742 3095; x_wconf 70' lang='lat' dir='ltr'><strong>victualiis</strong></span> <span class='ocrx_word' id='word_1_283' title='bbox 3785 3005 4076 3072; x_wconf 86' lang='lat' dir='ltr'><strong>munivit</strong></span> <span class='ocrx_word' id='word_1_284' title='bbox 4120 3004 4406 3073; x_wconf 90' lang='lat' dir='ltr'><strong>nomine</strong></span> <span class='ocrx_word' id='word_1_285' title='bbox 4438 3003 4620 3071; x_wconf 89' lang='lat' dir='ltr'><strong>dicti</strong></span> 
     </span>
     <span class='ocr_line' id='line_1_28' title="bbox 897 3110 4626 3201; baseline 0 -23"><span class='ocrx_word' id='word_1_286' title='bbox 897 3123 1112 3179; x_wconf 88' lang='lat' dir='ltr'><strong>status</strong></span> <span class='ocrx_word' id='word_1_287' title='bbox 1156 3123 1226 3180; x_wconf 90' lang='lat' dir='ltr'><strong>et</strong></span> <span class='ocrx_word' id='word_1_288' title='bbox 1271 3110 1367 3181; x_wconf 92' lang='lat' dir='ltr'><strong>ibi</strong></span> <span class='ocrx_word' id='word_1_289' title='bbox 1411 3123 1600 3179; x_wconf 91' lang='lat' dir='ltr'><strong>stans</strong></span> <span class='ocrx_word' id='word_1_290' title='bbox 1644 3112 1894 3181; x_wconf 87' lang='lat' dir='ltr'><strong>multas</strong></span> <span class='ocrx_word' id='word_1_291' title='bbox 1939 3110 2282 3201; x_wconf 86' lang='lat' dir='ltr'><strong>quottidie</strong></span> <span class='ocrx_word' id='word_1_292' title='bbox 2329 3110 2644 3180; x_wconf 82' lang='lat' dir='ltr'><strong>faciebat</strong></span> <span class='ocrx_word' id='word_1_293' title='bbox 2686 3110 2996 3199; x_wconf 88' lang='lat' dir='ltr'><strong>praticas</strong></span> <span class='ocrx_word' id='word_1_294' title='bbox 3039 3131 3197 3179; x_wconf 92' lang='lat' dir='ltr'><strong>cum</strong></span> <span class='ocrx_word' id='word_1_295' title='bbox 3245 3112 3494 3179; x_wconf 88' lang='lat' dir='ltr'><strong>amicis</strong></span> <span class='ocrx_word' id='word_1_296' title='bbox 3539 3113 3701 3191; x_wconf 87' lang='lat' dir='ltr'><strong>suis,</strong></span> <span class='ocrx_word' id='word_1_297' title='bbox 3747 3113 4155 3200; x_wconf 85' lang='lat' dir='ltr'><strong>perquirens</strong></span> <span class='ocrx_word' id='word_1_298' title='bbox 4184 3111 4387 3182; x_wconf 87' lang='lat' dir='ltr'><strong>unire</strong></span> <span class='ocrx_word' id='word_1_299' title='bbox 4421 3122 4495 3178; x_wconf 90' lang='lat' dir='ltr'><strong>et</strong></span> <span class='ocrx_word' id='word_1_300' title='bbox 4523 3112 4626 3181; x_wconf 91' lang='lat' dir='ltr'><strong>ad</strong></span> 
     </span>
     <span class='ocr_line' id='line_1_29' title="bbox 898 3217 4623 3307; baseline 0.001 -24"><span class='ocrx_word' id='word_1_301' title='bbox 898 3239 1204 3289; x_wconf 89' lang='lat' dir='ltr'><strong>amorem</strong></span> <span class='ocrx_word' id='word_1_302' title='bbox 1249 3229 1462 3287; x_wconf 89' lang='lat' dir='ltr'><strong>status</strong></span> <span class='ocrx_word' id='word_1_303' title='bbox 1503 3217 1900 3289; x_wconf 84' lang='lat' dir='ltr'><strong>Mediolani</strong></span> <span class='ocrx_word' id='word_1_304' title='bbox 1945 3218 2227 3289; x_wconf 86' lang='lat' dir='ltr'><strong>trahere</strong></span> <span class='ocrx_word' id='word_1_305' title='bbox 2271 3217 2432 3287; x_wconf 88' lang='lat' dir='ltr'><strong>illos</strong></span> <span class='ocrx_word' id='word_1_306' title='bbox 2480 3218 2569 3287; x_wconf 90' lang='lat' dir='ltr'><strong>de</strong></span> <span class='ocrx_word' id='word_1_307' title='bbox 2612 3228 2811 3305; x_wconf 89' lang='lat' dir='ltr'><strong>parte</strong></span> <span class='ocrx_word' id='word_1_308' title='bbox 2855 3217 3047 3297; x_wconf 91' lang='lat' dir='ltr'><strong>Oria,</strong></span> <span class='ocrx_word' id='word_1_309' title='bbox 3080 3217 3169 3284; x_wconf 93' lang='lat' dir='ltr'><strong>de</strong></span> <span class='ocrx_word' id='word_1_310' title='bbox 3201 3231 3400 3305; x_wconf 89' lang='lat' dir='ltr'><strong>parte</strong></span> <span class='ocrx_word' id='word_1_311' title='bbox 3431 3219 3795 3307; x_wconf 88' lang='lat' dir='ltr'><strong>Frugosia,</strong></span> <span class='ocrx_word' id='word_1_312' title='bbox 3843 3218 3931 3289; x_wconf 93' lang='lat' dir='ltr'><strong>de</strong></span> <span class='ocrx_word' id='word_1_313' title='bbox 3975 3230 4177 3305; x_wconf 89' lang='lat' dir='ltr'><strong>parte</strong></span> <span class='ocrx_word' id='word_1_314' title='bbox 4224 3218 4623 3286; x_wconf 84' lang='lat' dir='ltr'><strong>Grimaldo-</strong></span> 
     </span>
     <span class='ocr_line' id='line_1_30' title="bbox 895 3322 4762 3415; baseline -0.001 -23"><span class='ocrx_word' id='word_1_315' title='bbox 895 3347 1070 3405; x_wconf 84' lang='lat' dir='ltr'><strong>rum,</strong></span> <span class='ocrx_word' id='word_1_316' title='bbox 1113 3326 1203 3397; x_wconf 90' lang='lat' dir='ltr'><strong>de</strong></span> <span class='ocrx_word' id='word_1_317' title='bbox 1247 3337 1448 3413; x_wconf 87' lang='lat' dir='ltr'><strong>parte</strong></span> <span class='ocrx_word' id='word_1_318' title='bbox 1495 3323 1910 3398; x_wconf 87' lang='lat' dir='ltr'><strong>Fliscorum&#39;</strong></span> <span class='ocrx_word' id='word_1_319' title='bbox 1943 3337 2014 3396; x_wconf 90' lang='lat' dir='ltr'><strong>et</strong></span> <span class='ocrx_word' id='word_1_320' title='bbox 2042 3325 2132 3394; x_wconf 91' lang='lat' dir='ltr'><strong>de</strong></span> <span class='ocrx_word' id='word_1_321' title='bbox 2175 3335 2373 3415; x_wconf 87' lang='lat' dir='ltr'><strong>parte</strong></span> <span class='ocrx_word' id='word_1_322' title='bbox 2422 3324 2877 3406; x_wconf 89' lang='lat' dir='ltr'><strong>Guercorum,</strong></span> <span class='ocrx_word' id='word_1_323' title='bbox 2921 3336 2999 3391; x_wconf 91' lang='lat' dir='ltr'><strong>ut</strong></span> <span class='ocrx_word' id='word_1_324' title='bbox 3042 3324 3298 3391; x_wconf 84' lang='lat' dir='ltr'><strong>auxilio</strong></span> <span class='ocrx_word' id='word_1_325' title='bbox 3345 3346 3585 3393; x_wconf 91' lang='lat' dir='ltr'><strong>eorum</strong></span> <span class='ocrx_word' id='word_1_326' title='bbox 3632 3325 4016 3413; x_wconf 84' lang='lat' dir='ltr'><strong>expelleret</strong></span> <span class='ocrx_word' id='word_1_327' title='bbox 4060 3327 4150 3395; x_wconf 88' lang='lat' dir='ltr'><strong>de</strong></span> <span class='ocrx_word' id='word_1_328' title='bbox 4182 3325 4356 3394; x_wconf 89' lang='lat' dir='ltr'><strong>urbe</strong></span> <span class='ocrx_word' id='word_1_329' title='bbox 4390 3324 4623 3393; x_wconf 85' lang='lat' dir='ltr'><strong>domi-</strong></span> <span class='ocrx_word' id='word_1_330' title='bbox 4674 3322 4762 3389; x_wconf 85' lang='lat'><strong>25</strong></span> 
     </span>
     <span class='ocr_line' id='line_1_31' title="bbox 898 3430 4622 3523; baseline 0.001 -26"><span class='ocrx_word' id='word_1_331' title='bbox 898 3454 1064 3499; x_wconf 90' lang='lat' dir='ltr'><strong>num</strong></span> <span class='ocrx_word' id='word_1_332' title='bbox 1110 3430 1518 3512; x_wconf 70' lang='lat' dir='ltr'><strong>Robenum,</strong></span> <span class='ocrx_word' id='word_1_333' title='bbox 1566 3431 1926 3501; x_wconf 90' lang='lat' dir='ltr'><strong>dominum</strong></span> <span class='ocrx_word' id='word_1_334' title='bbox 1972 3431 2414 3518; x_wconf 89' lang='lat' dir='ltr'><strong>Prosperum,</strong></span> <span class='ocrx_word' id='word_1_335' title='bbox 2466 3432 2825 3501; x_wconf 90' lang='lat' dir='ltr'><strong>dominum</strong></span> <span class='ocrx_word' id='word_1_336' title='bbox 2867 3431 3153 3523; x_wconf 90' lang='lat' dir='ltr'><strong>Jullium</strong></span> <span class='ocrx_word' id='word_1_337' title='bbox 3225 3443 3295 3500; x_wconf 89' lang='lat' dir='ltr'><strong>et</strong></span> <span class='ocrx_word' id='word_1_338' title='bbox 3362 3432 3540 3500; x_wconf 88' lang='lat' dir='ltr'><strong>alios</strong></span> <span class='ocrx_word' id='word_1_339' title='bbox 3592 3431 4206 3501; x_wconf 86' lang='lat' dir='ltr'><strong>Ferdinandiscos.</strong></span> <span class='ocrx_word' id='word_1_340' title='bbox 4296 3432 4390 3499; x_wconf 90' lang='lat' dir='ltr'><strong>Et</strong></span> <span class='ocrx_word' id='word_1_341' title='bbox 4452 3432 4622 3501; x_wconf 88' lang='lat' dir='ltr'><strong>dum</strong></span> 
     </span>
     <span class='ocr_line' id='line_1_32' title="bbox 897 3538 4627 3627; baseline 0.001 -23"><span class='ocrx_word' id='word_1_342' title='bbox 897 3540 1030 3607; x_wconf 90' lang='lat' dir='ltr'><strong>hec</strong></span> <span class='ocrx_word' id='word_1_343' title='bbox 1077 3550 1559 3620; x_wconf 81' lang='lat' dir='ltr'><strong>tractarentur,</strong></span> <span class='ocrx_word' id='word_1_344' title='bbox 1604 3538 1835 3609; x_wconf 91' lang='lat' dir='ltr'><strong>dictus</strong></span> <span class='ocrx_word' id='word_1_345' title='bbox 1882 3539 2204 3609; x_wconf 90' lang='lat' dir='ltr'><strong>dominus</strong></span> <span class='ocrx_word' id='word_1_346' title='bbox 2248 3539 2607 3609; x_wconf 90' lang='lat' dir='ltr'><strong>Robertus</strong></span> <span class='ocrx_word' id='word_1_347' title='bbox 2650 3538 2960 3625; x_wconf 89' lang='lat' dir='ltr'><strong>appendi</strong></span> <span class='ocrx_word' id='word_1_348' title='bbox 3006 3539 3183 3606; x_wconf 83' lang='lat' dir='ltr'><strong>fecit</strong></span> <span class='ocrx_word' id='word_1_349' title='bbox 3229 3539 3601 3608; x_wconf 90' lang='lat' dir='ltr'><strong>nonnullos</strong></span> <span class='ocrx_word' id='word_1_350' title='bbox 3647 3540 3838 3607; x_wconf 90' lang='lat' dir='ltr'><strong>cives</strong></span> <span class='ocrx_word' id='word_1_351' title='bbox 3877 3539 4227 3608; x_wconf 88' lang='lat' dir='ltr'><strong>notabiles</strong></span> <span class='ocrx_word' id='word_1_352' title='bbox 4278 3540 4371 3610; x_wconf 91' lang='lat' dir='ltr'><strong>de</strong></span> <span class='ocrx_word' id='word_1_353' title='bbox 4420 3551 4627 3627; x_wconf 87' lang='lat' dir='ltr'><strong>parte</strong></span> 
     </span>
     <span class='ocr_line' id='line_1_33' title="bbox 901 3644 4626 3736; baseline -0 -22"><span class='ocrx_word' id='word_1_354' title='bbox 901 3645 1098 3727; x_wconf 88' lang='lat' dir='ltr'><strong>Oria,</strong></span> <span class='ocrx_word' id='word_1_355' title='bbox 1127 3657 1417 3736; x_wconf 88' lang='lat' dir='ltr'><strong>propter</strong></span> <span class='ocrx_word' id='word_1_356' title='bbox 1448 3648 1638 3735; x_wconf 89' lang='lat' dir='ltr'><strong>quod</strong></span> <span class='ocrx_word' id='word_1_357' title='bbox 1680 3657 1833 3714; x_wconf 90' lang='lat' dir='ltr'><strong>orta</strong></span> <span class='ocrx_word' id='word_1_358' title='bbox 1876 3645 2013 3714; x_wconf 85' lang='lat' dir='ltr'><strong>fuit</strong></span> <span class='ocrx_word' id='word_1_359' title='bbox 2058 3644 2129 3714; x_wconf 90' lang='lat' dir='ltr'><strong>in</strong></span> <span class='ocrx_word' id='word_1_360' title='bbox 2174 3647 2436 3736; x_wconf 89' lang='lat' dir='ltr'><strong>populo</strong></span> <span class='ocrx_word' id='word_1_361' title='bbox 2483 3647 2783 3712; x_wconf 84' lang='lat' dir='ltr'><strong>maxima</strong></span> <span class='ocrx_word' id='word_1_362' title='bbox 2829 3645 3104 3724; x_wconf 86' lang='lat' dir='ltr'><strong>divisio,</strong></span> <span class='ocrx_word' id='word_1_363' title='bbox 3154 3646 3756 3735; x_wconf 86' lang='lat' dir='ltr'><strong>deliberatumque</strong></span> <span class='ocrx_word' id='word_1_364' title='bbox 3801 3646 3939 3713; x_wconf 83' lang='lat' dir='ltr'><strong>fuit</strong></span> <span class='ocrx_word' id='word_1_365' title='bbox 3968 3667 4098 3731; x_wconf 88' lang='lat' dir='ltr'><strong>per</strong></span> <span class='ocrx_word' id='word_1_366' title='bbox 4127 3646 4356 3714; x_wconf 87' lang='lat' dir='ltr'><strong>dictas</strong></span> <span class='ocrx_word' id='word_1_367' title='bbox 4383 3657 4626 3734; x_wconf 89' lang='lat' dir='ltr'><strong>partes</strong></span> 
     </span>
     <span class='ocr_line' id='line_1_34' title="bbox 900 3752 4625 3840; baseline 0 -21"><span class='ocrx_word' id='word_1_368' title='bbox 900 3752 1226 3819; x_wconf 88' lang='lat' dir='ltr'><strong>adhereri</strong></span> <span class='ocrx_word' id='word_1_369' title='bbox 1289 3752 1483 3820; x_wconf 89' lang='lat' dir='ltr'><strong>dicto</strong></span> <span class='ocrx_word' id='word_1_370' title='bbox 1546 3752 1831 3822; x_wconf 90' lang='lat' dir='ltr'><strong>domino</strong></span> <span class='ocrx_word' id='word_1_371' title='bbox 1874 3753 2293 3839; x_wconf 87' lang='lat' dir='ltr'><strong>Baptistino.</strong></span> <span class='ocrx_word' id='word_1_372' title='bbox 2384 3753 2685 3840; x_wconf 89' lang='lat' dir='ltr'><strong>Unaque</strong></span> <span class='ocrx_word' id='word_1_373' title='bbox 2752 3752 2868 3824; x_wconf 87' lang='lat' dir='ltr'><strong>die</strong></span> <span class='ocrx_word' id='word_1_374' title='bbox 2934 3754 3008 3819; x_wconf 90' lang='lat' dir='ltr'><strong>in</strong></span> <span class='ocrx_word' id='word_1_375' title='bbox 3079 3753 3230 3820; x_wconf 90' lang='lat' dir='ltr'><strong>eius</strong></span> <span class='ocrx_word' id='word_1_376' title='bbox 3295 3753 3557 3821; x_wconf 86' lang='lat' dir='ltr'><strong>auxilio</strong></span> <span class='ocrx_word' id='word_1_377' title='bbox 3620 3754 3715 3820; x_wconf 91' lang='lat' dir='ltr'><strong>ad</strong></span> <span class='ocrx_word' id='word_1_378' title='bbox 3775 3775 3968 3820; x_wconf 88' lang='lat' dir='ltr'><strong>arma</strong></span> <span class='ocrx_word' id='word_1_379' title='bbox 4029 3764 4373 3833; x_wconf 84' lang='lat' dir='ltr'><strong>curentes,</strong></span> <span class='ocrx_word' id='word_1_380' title='bbox 4434 3752 4625 3819; x_wconf 90' lang='lat' dir='ltr'><strong>male</strong></span> 
     </span>
     <span class='ocr_line' id='line_1_35' title="bbox 902 3857 4766 3948; baseline -0 -23"><span class='ocrx_word' id='word_1_381' title='bbox 902 3868 1285 3928; x_wconf 87' lang='lat' dir='ltr'><strong>tractarunt</strong></span> <span class='ocrx_word' id='word_1_382' title='bbox 1327 3858 1489 3926; x_wconf 89' lang='lat' dir='ltr'><strong>illos</strong></span> <span class='ocrx_word' id='word_1_383' title='bbox 1532 3858 1792 3930; x_wconf 88' lang='lat' dir='ltr'><strong>domini</strong></span> <span class='ocrx_word' id='word_1_384' title='bbox 1839 3857 2160 3930; x_wconf 88' lang='lat' dir='ltr'><strong>Roberti.</strong></span> <span class='ocrx_word' id='word_1_385' title='bbox 2250 3859 2592 3927; x_wconf 86' lang='lat' dir='ltr'><strong>Dominus</strong></span> <span class='ocrx_word' id='word_1_386' title='bbox 2637 3880 2804 3926; x_wconf 88' lang='lat' dir='ltr'><strong>vero</strong></span> <span class='ocrx_word' id='word_1_387' title='bbox 2849 3858 3189 3928; x_wconf 86' lang='lat' dir='ltr'><strong>Obiectus</strong></span> <span class='ocrx_word' id='word_1_388' title='bbox 3233 3858 3461 3928; x_wconf 90' lang='lat' dir='ltr'><strong>stabat</strong></span> <span class='ocrx_word' id='word_1_389' title='bbox 3507 3860 3597 3926; x_wconf 90' lang='lat' dir='ltr'><strong>de</strong></span> <span class='ocrx_word' id='word_1_390' title='bbox 3645 3859 3876 3930; x_wconf 91' lang='lat' dir='ltr'><strong>medio</strong></span> <span class='ocrx_word' id='word_1_391' title='bbox 3924 3871 3995 3926; x_wconf 91' lang='lat' dir='ltr'><strong>et</strong></span> <span class='ocrx_word' id='word_1_392' title='bbox 4038 3859 4273 3948; x_wconf 90' lang='lat' dir='ltr'><strong>potius</strong></span> <span class='ocrx_word' id='word_1_393' title='bbox 4331 3858 4628 3928; x_wconf 77' lang='lat' dir='ltr'><strong>favebat</strong></span> <span class='ocrx_word' id='word_1_394' title='bbox 4673 3860 4766 3923; x_wconf 88' lang='grc'><strong>30</strong></span> 
     </span>
     <span class='ocr_line' id='line_1_36' title="bbox 901 3959 3862 4057; baseline -0.001 -21"><span class='ocrx_word' id='word_1_395' title='bbox 901 3963 1470 4057; x_wconf 85' lang='lat' dir='ltr'><strong>Aragonensibus</strong></span> <span class='ocrx_word' id='word_1_396' title='bbox 1515 3976 1584 4034; x_wconf 90' lang='lat' dir='ltr'><strong>et</strong></span> <span class='ocrx_word' id='word_1_397' title='bbox 1630 3965 1911 4033; x_wconf 90' lang='lat' dir='ltr'><strong>domino</strong></span> <span class='ocrx_word' id='word_1_398' title='bbox 1957 3959 2297 4035; x_wconf 74' lang='lat' dir='ltr'><strong>Roberto&#39;</strong></span> <span class='ocrx_word' id='word_1_399' title='bbox 2324 3976 2393 4034; x_wconf 90' lang='lat' dir='ltr'><strong>et</strong></span> <span class='ocrx_word' id='word_1_400' title='bbox 2434 3964 2810 4054; x_wconf 88' lang='lat' dir='ltr'><strong>Prosper0,</strong></span> <span class='ocrx_word' id='word_1_401' title='bbox 2858 3987 3065 4054; x_wconf 88' lang='lat' dir='ltr'><strong>quam</strong></span> <span class='ocrx_word' id='word_1_402' title='bbox 3113 3965 3402 4034; x_wconf 91' lang='lat' dir='ltr'><strong>domino</strong></span> <span class='ocrx_word' id='word_1_403' title='bbox 3447 3965 3862 4054; x_wconf 89' lang='lat' dir='ltr'><strong>Baptistino.</strong></span> 
     </span>
    </p>

    <p class='ocr_par' dir='ltr' id='par_1_10' title="bbox 898 4069 4768 5439">
     <span class='ocr_line' id='line_1_37' title="bbox 1082 4069 4626 4164; baseline -0 -24"><span class='ocrx_word' id='word_1_404' title='bbox 1082 4072 1191 4140; x_wconf 92' lang='lat' dir='ltr'><strong>De</strong></span> <span class='ocrx_word' id='word_1_405' title='bbox 1235 4090 1469 4141; x_wconf 89' lang='lat' dir='ltr'><strong>mense</strong></span> <span class='ocrx_word' id='word_1_406' title='bbox 1513 4071 1835 4159; x_wconf 90' lang='lat' dir='ltr'><strong>predicto</strong></span> <span class='ocrx_word' id='word_1_407' title='bbox 1896 4071 2205 4140; x_wconf 88' lang='lat' dir='ltr'><strong>octobris</strong></span> <span class='ocrx_word' id='word_1_408' title='bbox 2248 4071 2431 4164; x_wconf 20' lang='lat' dir='ltr'><strong>anni,</strong></span> <span class='ocrx_word' id='word_1_409' title='bbox 2469 4069 2635 4142; x_wconf 87' lang='lat'>1478</span> <span class='ocrx_word' id='word_1_410' title='bbox 2685 4091 2773 4139; x_wconf 82' lang='lat' dir='ltr'><strong>ex</strong></span> <span class='ocrx_word' id='word_1_411' title='bbox 2817 4071 3269 4140; x_wconf 85' lang='lat' dir='ltr'><strong>revellatione</strong></span> <span class='ocrx_word' id='word_1_412' title='bbox 3315 4072 3623 4140; x_wconf 78' lang='lat' dir='ltr'><strong>facende</strong></span> <span class='ocrx_word' id='word_1_413' title='bbox 3667 4072 3788 4163; x_wconf 82' lang='lat' dir='ltr'><strong>filij</strong></span> <span class='ocrx_word' id='word_1_414' title='bbox 3855 4072 4188 4140; x_wconf 88' lang='lat' dir='ltr'><strong>naturalis</strong></span> <span class='ocrx_word' id='word_1_415' title='bbox 4250 4073 4429 4141; x_wconf 89' lang='lat' dir='ltr'><strong>dicti</strong></span> <span class='ocrx_word' id='word_1_416' title='bbox 4492 4072 4626 4139; x_wconf 90' lang='lat' dir='ltr'><strong>do-</strong></span> 
     </span>
     <span class='ocr_line' id='line_1_38' title="bbox 899 4175 4630 4276; baseline 0 -33"><span class='ocrx_word' id='word_1_417' title='bbox 899 4179 1071 4276; x_wconf 76' lang='lat' dir='ltr'><strong>mini</strong></span> <span class='ocrx_word' id='word_1_418' title='bbox 1115 4178 1412 4248; x_wconf 87' lang='lat' dir='ltr'><strong>Roberti</strong></span> <span class='ocrx_word' id='word_1_419' title='bbox 1454 4200 1586 4266; x_wconf 91' lang='lat' dir='ltr'><strong>per</strong></span> <span class='ocrx_word' id='word_1_420' title='bbox 1626 4178 1902 4247; x_wconf 86' lang='lat' dir='ltr'><strong>litteras</strong></span> <span class='ocrx_word' id='word_1_421' title='bbox 1945 4178 2252 4258; x_wconf 85' lang='lat' dir='ltr'><strong>ducales,</strong></span> <span class='ocrx_word' id='word_1_422' title='bbox 2322 4177 2643 4247; x_wconf 86' lang='lat' dir='ltr'><strong>dominus</strong></span> <span class='ocrx_word' id='word_1_423' title='bbox 2706 4178 3127 4265; x_wconf 88' lang='lat' dir='ltr'><strong>gubernator</strong></span> <span class='ocrx_word' id='word_1_424' title='bbox 3192 4175 3443 4246; x_wconf 86' lang='lat' dir='ltr'><strong>Parme</strong></span> <span class='ocrx_word' id='word_1_425' title='bbox 3489 4178 3651 4265; x_wconf 89' lang='lat' dir='ltr'><strong>capi</strong></span> <span class='ocrx_word' id='word_1_426' title='bbox 3697 4190 3769 4247; x_wconf 91' lang='lat' dir='ltr'><strong>et</strong></span> <span class='ocrx_word' id='word_1_427' title='bbox 3814 4178 4116 4248; x_wconf 89' lang='lat' dir='ltr'><strong>detineri</strong></span> <span class='ocrx_word' id='word_1_428' title='bbox 4169 4179 4342 4247; x_wconf 82' lang='lat' dir='ltr'><strong>fecit</strong></span> <span class='ocrx_word' id='word_1_429' title='bbox 4401 4179 4630 4244; x_wconf 76' lang='lat' dir='ltr'><strong>infra-</strong></span> 
     </span>
     <span class='ocr_line' id='line_1_39' title="bbox 901 4284 4631 4374; baseline -0.001 -21"><span class='ocrx_word' id='word_1_430' title='bbox 901 4285 1196 4373; x_wconf 88' lang='lat' dir='ltr'><strong>scriptos</strong></span> <span class='ocrx_word' id='word_1_431' title='bbox 1242 4286 1433 4354; x_wconf 80' lang='lat' dir='ltr'><strong>cives</strong></span> <span class='ocrx_word' id='word_1_432' title='bbox 1486 4284 1739 4358; x_wconf 83' lang='lat' dir='ltr'><strong>Parme</strong></span> <span class='ocrx_word' id='word_1_433' title='bbox 1801 4286 1891 4358; x_wconf 80' lang='lat' dir='ltr'><strong>de</strong></span> <span class='ocrx_word' id='word_1_434' title='bbox 1955 4285 2179 4354; x_wconf 89' lang='lat' dir='ltr'><strong>tribus</strong></span> <span class='ocrx_word' id='word_1_435' title='bbox 2222 4284 2561 4374; x_wconf 90' lang='lat' dir='ltr'><strong>squadris,</strong></span> <span class='ocrx_word' id='word_1_436' title='bbox 2632 4304 2804 4372; x_wconf 87' lang='lat' dir='ltr'><strong>quos</strong></span> <span class='ocrx_word' id='word_1_437' title='bbox 2870 4284 3078 4352; x_wconf 86' lang='lat' dir='ltr'><strong>valde</strong></span> <span class='ocrx_word' id='word_1_438' title='bbox 3147 4284 3405 4352; x_wconf 90' lang='lat' dir='ltr'><strong>curlari</strong></span> <span class='ocrx_word' id='word_1_439' title='bbox 3474 4286 3671 4365; x_wconf 70' lang='lat' dir='ltr'><strong>fecit,</strong></span> <span class='ocrx_word' id='word_1_440' title='bbox 3717 4287 4093 4372; x_wconf 90' lang='lat' dir='ltr'><strong>imputatos</strong></span> <span class='ocrx_word' id='word_1_441' title='bbox 4138 4297 4507 4356; x_wconf 87' lang='lat' dir='ltr'><strong>tractatum</strong></span> <span class='ocrx_word' id='word_1_442' title='bbox 4553 4296 4631 4352; x_wconf 87' lang='lat' dir='ltr'><strong>et</strong></span> 
     </span>
     <span class='ocr_line' id='line_1_40' title="bbox 902 4389 4765 4481; baseline -0.001 -22"><span class='ocrx_word' id='word_1_443' title='bbox 902 4389 1321 4480; x_wconf 87' lang='lat' dir='ltr'><strong>colloquium</strong></span> <span class='ocrx_word' id='word_1_444' title='bbox 1367 4392 1690 4461; x_wconf 90' lang='lat' dir='ltr'><strong>habuisse</strong></span> <span class='ocrx_word' id='word_1_445' title='bbox 1736 4392 1826 4464; x_wconf 87' lang='lat' dir='ltr'><strong>de</strong></span> <span class='ocrx_word' id='word_1_446' title='bbox 1873 4394 2224 4481; x_wconf 88' lang='lat' dir='ltr'><strong>capiendo</strong></span> <span class='ocrx_word' id='word_1_447' title='bbox 2270 4414 2479 4460; x_wconf 88' lang='lat' dir='ltr'><strong>unam</strong></span> <span class='ocrx_word' id='word_1_448' title='bbox 2525 4403 2800 4479; x_wconf 89' lang='lat' dir='ltr'><strong>portam</strong></span> <span class='ocrx_word' id='word_1_449' title='bbox 2848 4390 3175 4471; x_wconf 85' lang='lat' dir='ltr'><strong>civitatis,</strong></span> <span class='ocrx_word' id='word_1_450' title='bbox 3221 4392 3558 4460; x_wconf 88' lang='lat' dir='ltr'><strong>videlicet</strong></span> <span class='ocrx_word' id='word_1_451' title='bbox 3605 4393 3698 4460; x_wconf 92' lang='lat' dir='ltr'><strong>de</strong></span> <span class='ocrx_word' id='word_1_452' title='bbox 3742 4392 4065 4461; x_wconf 89' lang='lat' dir='ltr'><strong>Bononia</strong></span> <span class='ocrx_word' id='word_1_453' title='bbox 4130 4404 4204 4459; x_wconf 88' lang='lat' dir='ltr'><strong>et</strong></span> <span class='ocrx_word' id='word_1_454' title='bbox 4260 4413 4391 4481; x_wconf 93' lang='lat' dir='ltr'><strong>per</strong></span> <span class='ocrx_word' id='word_1_455' title='bbox 4434 4393 4630 4462; x_wconf 88' lang='lat' dir='ltr'><strong>illam</strong></span> <span class='ocrx_word' id='word_1_456' title='bbox 4674 4389 4765 4457; x_wconf 88' lang='grc'><strong>35</strong></span> 
     </span>
     <span class='ocr_line' id='line_1_41' title="bbox 898 4497 4630 4578; baseline 0 -12"><span class='ocrx_word' id='word_1_457' title='bbox 898 4498 1392 4570; x_wconf 83' lang='lat' dir='ltr'><strong>introducendi</strong></span> <span class='ocrx_word' id='word_1_458' title='bbox 1436 4497 1764 4569; x_wconf 89' lang='lat' dir='ltr'><strong>bannitos</strong></span> <span class='ocrx_word' id='word_1_459' title='bbox 1807 4512 1878 4566; x_wconf 91' lang='lat' dir='ltr'><strong>et</strong></span> <span class='ocrx_word' id='word_1_460' title='bbox 1924 4499 2276 4570; x_wconf 89' lang='lat' dir='ltr'><strong>civitatem</strong></span> <span class='ocrx_word' id='word_1_461' title='bbox 2321 4499 2415 4568; x_wconf 90' lang='lat' dir='ltr'><strong>ad</strong></span> <span class='ocrx_word' id='word_1_462' title='bbox 2459 4520 2655 4566; x_wconf 88' lang='lat' dir='ltr'><strong>arma</strong></span> <span class='ocrx_word' id='word_1_463' title='bbox 2700 4499 3208 4566; x_wconf 87' lang='lat' dir='ltr'><strong>commovendi.</strong></span> <span class='ocrx_word' id='word_1_464' title='bbox 3302 4498 3449 4578; x_wconf 88' lang='lat' dir='ltr'><strong>Qui</strong></span> <span class='ocrx_word' id='word_1_465' title='bbox 3493 4510 3673 4578; x_wconf 91' lang='lat' dir='ltr'><strong>sunt,</strong></span> <span class='ocrx_word' id='word_1_466' title='bbox 3713 4499 3788 4564; x_wconf 90' lang='lat' dir='ltr'><strong>hi</strong></span> <span class='ocrx_word' id='word_1_467' title='bbox 3830 4498 4189 4566; x_wconf 82' lang='lat' dir='ltr'><strong>videlicet:</strong></span> <span class='ocrx_word' id='word_1_468' title='bbox 4236 4499 4506 4568; x_wconf 88' lang='lat' dir='ltr'><strong>Hector</strong></span> <span class='ocrx_word' id='word_1_469' title='bbox 4537 4499 4630 4565; x_wconf 90' lang='lat' dir='ltr'><strong>de</strong></span> 
     </span>
     <span class='ocr_line' id='line_1_42' title="bbox 904 4602 4629 4697; baseline -0.001 -23"><span class='ocrx_word' id='word_1_470' title='bbox 904 4604 1211 4674; x_wconf 85' lang='lat' dir='ltr'><strong>Grandis</strong></span> <span class='ocrx_word' id='word_1_471' title='bbox 1252 4624 1468 4694; x_wconf 91' lang='lat' dir='ltr'><strong>gener</strong></span> <span class='ocrx_word' id='word_1_472' title='bbox 1514 4603 1964 4676; x_wconf 85' lang='lat' dir='ltr'><strong>conestabilis</strong></span> <span class='ocrx_word' id='word_1_473' title='bbox 2008 4606 2198 4676; x_wconf 86' lang='lat' dir='ltr'><strong>dicte</strong></span> <span class='ocrx_word' id='word_1_474' title='bbox 2241 4618 2465 4694; x_wconf 90' lang='lat' dir='ltr'><strong>porte,</strong></span> <span class='ocrx_word' id='word_1_475' title='bbox 2512 4602 2786 4674; x_wconf 87' lang='lat' dir='ltr'><strong>Mateus</strong></span> <span class='ocrx_word' id='word_1_476' title='bbox 2845 4604 3177 4674; x_wconf 89' lang='lat' dir='ltr'><strong>Pictocus</strong></span> <span class='ocrx_word' id='word_1_477' title='bbox 3239 4604 3697 4686; x_wconf 72' lang='lat' dir='ltr'><strong>munium-ius,</strong></span> <span class='ocrx_word' id='word_1_478' title='bbox 3757 4604 4188 4697; x_wconf 87' lang='lat' dir='ltr'><strong>Augustinus</strong></span> <span class='ocrx_word' id='word_1_479' title='bbox 4251 4608 4343 4677; x_wconf 89' lang='lat' dir='ltr'><strong>de</strong></span> <span class='ocrx_word' id='word_1_480' title='bbox 4406 4607 4629 4675; x_wconf 88' lang='lat' dir='ltr'><strong>Fera-</strong></span> 
     </span>
     <span class='ocr_line' id='line_1_43' title="bbox 902 4710 4629 4803; baseline 0.001 -26"><span class='ocrx_word' id='word_1_481' title='bbox 902 4713 1044 4803; x_wconf 82' lang='lat' dir='ltr'><strong>rijs,</strong></span> <span class='ocrx_word' id='word_1_482' title='bbox 1070 4732 1308 4780; x_wconf 90' lang='lat' dir='ltr'><strong>omnes</strong></span> <span class='ocrx_word' id='word_1_483' title='bbox 1338 4724 1478 4780; x_wconf 89' lang='lat' dir='ltr'><strong>tres</strong></span> <span class='ocrx_word' id='word_1_484' title='bbox 1508 4712 1598 4781; x_wconf 93' lang='lat' dir='ltr'><strong>de</strong></span> <span class='ocrx_word' id='word_1_485' title='bbox 1641 4712 1944 4800; x_wconf 86' lang='lat' dir='ltr'><strong>squadra</strong></span> <span class='ocrx_word' id='word_1_486' title='bbox 1990 4710 2522 4789; x_wconf 83' lang='lat' dir='ltr'><strong>Sanctivitallis3</strong></span> <span class='ocrx_word' id='word_1_487' title='bbox 2569 4711 2926 4801; x_wconf 85' lang='lat' dir='ltr'><strong>Johannes</strong></span> <span class='ocrx_word' id='word_1_488' title='bbox 2955 4711 3262 4800; x_wconf 91' lang='lat' dir='ltr'><strong>Jacobus</strong></span> <span class='ocrx_word' id='word_1_489' title='bbox 3291 4711 3382 4777; x_wconf 92' lang='lat' dir='ltr'><strong>de</strong></span> <span class='ocrx_word' id='word_1_490' title='bbox 3413 4710 3717 4792; x_wconf 85' lang='lat' dir='ltr'><strong>Arzono,</strong></span> <span class='ocrx_word' id='word_1_491' title='bbox 3762 4712 4118 4782; x_wconf 88' lang='lat' dir='ltr'><strong>Dionisius</strong></span> <span class='ocrx_word' id='word_1_492' title='bbox 4164 4713 4254 4780; x_wconf 90' lang='lat' dir='ltr'><strong>de</strong></span> <span class='ocrx_word' id='word_1_493' title='bbox 4286 4713 4629 4792; x_wconf 87' lang='lat' dir='ltr'><strong>Gonzate,</strong></span> 
     </span>
     <span class='ocr_line' id='line_1_44' title="bbox 902 4815 4630 4908; baseline 0 -23"><span class='ocrx_word' id='word_1_494' title='bbox 902 4818 1156 4888; x_wconf 74' lang='lat' dir='ltr'><strong>Petru-</strong></span> <span class='ocrx_word' id='word_1_495' title='bbox 1197 4817 1287 4885; x_wconf 91' lang='lat' dir='ltr'><strong>de</strong></span> <span class='ocrx_word' id='word_1_496' title='bbox 1330 4815 1732 4908; x_wconf 84' lang='lat' dir='ltr'><strong>Pegorarijs</strong></span> <span class='ocrx_word' id='word_1_497' title='bbox 1775 4818 2143 4899; x_wconf 74' lang='lat' dir='ltr'><strong>sornatius,</strong></span> <span class='ocrx_word' id='word_1_498' title='bbox 2187 4818 2322 4905; x_wconf 86' lang='lat' dir='ltr'><strong>ipsi</strong></span> <span class='ocrx_word' id='word_1_499' title='bbox 2369 4830 2509 4888; x_wconf 80' lang='lat' dir='ltr'><strong>tres</strong></span> <span class='ocrx_word' id='word_1_500' title='bbox 2538 4817 2629 4885; x_wconf 89' lang='lat' dir='ltr'><strong>de</strong></span> <span class='ocrx_word' id='word_1_501' title='bbox 2661 4819 2966 4906; x_wconf 90' lang='lat' dir='ltr'><strong>squadra</strong></span> <span class='ocrx_word' id='word_1_502' title='bbox 2995 4817 3456 4896; x_wconf 83' lang='lat' dir='ltr'><strong>Pallavicina3</strong></span> <span class='ocrx_word' id='word_1_503' title='bbox 3505 4817 3790 4886; x_wconf 85' lang='lat' dir='ltr'><strong>Marcus</strong></span> <span class='ocrx_word' id='word_1_504' title='bbox 3835 4819 3925 4887; x_wconf 86' lang='lat' dir='ltr'><strong>de</strong></span> <span class='ocrx_word' id='word_1_505' title='bbox 3973 4818 4295 4899; x_wconf 79' lang='lat' dir='ltr'><strong>Pezallis,</strong></span> <span class='ocrx_word' id='word_1_506' title='bbox 4340 4819 4630 4907; x_wconf 88' lang='lat' dir='ltr'><strong>quidam</strong></span> 
     </span>
     <span class='ocr_line' id='line_1_45' title="bbox 904 4922 4768 5013; baseline -0 -21"><span class='ocrx_word' id='word_1_507' title='bbox 904 4925 1206 4996; x_wconf 78' lang='lat' dir='ltr'><strong>famulus</strong></span> <span class='ocrx_word' id='word_1_508' title='bbox 1249 4922 1512 4994; x_wconf 88' lang='lat' dir='ltr'><strong>domini</strong></span> <span class='ocrx_word' id='word_1_509' title='bbox 1559 4923 1895 5012; x_wconf 88' lang='lat' dir='ltr'><strong>Johannis</strong></span> <span class='ocrx_word' id='word_1_510' title='bbox 1937 4924 2298 4996; x_wconf 88' lang='lat' dir='ltr'><strong>Francisci</strong></span> <span class='ocrx_word' id='word_1_511' title='bbox 2342 4925 2654 4994; x_wconf 83' lang='lat' dir='ltr'><strong>&#39;Cantelli</strong></span> <span class='ocrx_word' id='word_1_512' title='bbox 2704 4936 2776 4996; x_wconf 90' lang='lat' dir='ltr'><strong>et</strong></span> <span class='ocrx_word' id='word_1_513' title='bbox 2829 4924 3112 5013; x_wconf 87' lang='lat' dir='ltr'><strong>quidam</strong></span> <span class='ocrx_word' id='word_1_514' title='bbox 3173 4923 3626 4992; x_wconf 88' lang='lat' dir='ltr'><strong>mariscalcus</strong></span> <span class='ocrx_word' id='word_1_515' title='bbox 3689 4925 3780 4994; x_wconf 91' lang='lat' dir='ltr'><strong>de</strong></span> <span class='ocrx_word' id='word_1_516' title='bbox 3843 4925 4229 5006; x_wconf 90' lang='lat' dir='ltr'><strong>Collurnio,</strong></span> <span class='ocrx_word' id='word_1_517' title='bbox 4292 4925 4429 5013; x_wconf 89' lang='lat' dir='ltr'><strong>ipsi</strong></span> <span class='ocrx_word' id='word_1_518' title='bbox 4485 4937 4632 4994; x_wconf 88' lang='lat' dir='ltr'><strong>tres</strong></span> <span class='ocrx_word' id='word_1_519' title='bbox 4676 4929 4768 4991; x_wconf 86' lang='grc'><strong>40</strong></span> 
     </span>
     <span class='ocr_line' id='line_1_46' title="bbox 909 5030 4632 5121; baseline -0.001 -20"><span class='ocrx_word' id='word_1_520' title='bbox 909 5033 997 5101; x_wconf 93' lang='lat' dir='ltr'><strong>de</strong></span> <span class='ocrx_word' id='word_1_521' title='bbox 1044 5030 1346 5121; x_wconf 86' lang='lat' dir='ltr'><strong>squadra</strong></span> <span class='ocrx_word' id='word_1_522' title='bbox 1391 5030 1838 5120; x_wconf 86' lang='lat' dir='ltr'><strong>Corrigiensi.</strong></span> <span class='ocrx_word' id='word_1_523' title='bbox 1928 5030 2070 5099; x_wconf 89' lang='lat' dir='ltr'><strong>Pro</strong></span> <span class='ocrx_word' id='word_1_524' title='bbox 2117 5052 2410 5120; x_wconf 89' lang='lat' dir='ltr'><strong>quorum</strong></span> <span class='ocrx_word' id='word_1_525' title='bbox 2475 5032 2885 5101; x_wconf 74' lang='lat' dir='ltr'><strong>defensione</strong></span> <span class='ocrx_word' id='word_1_526' title='bbox 2949 5042 3091 5097; x_wconf 92' lang='lat' dir='ltr'><strong>tres</strong></span> <span class='ocrx_word' id='word_1_527' title='bbox 3152 5031 3454 5118; x_wconf 89' lang='lat' dir='ltr'><strong>squadre</strong></span> <span class='ocrx_word' id='word_1_528' title='bbox 3496 5032 3866 5098; x_wconf 86' lang='lat' dir='ltr'><strong>misserunt</strong></span> <span class='ocrx_word' id='word_1_529' title='bbox 3907 5032 4389 5101; x_wconf 89' lang='lat' dir='ltr'><strong>Mediolanum</strong></span> <span class='ocrx_word' id='word_1_530' title='bbox 4453 5053 4632 5119; x_wconf 89' lang='lat' dir='ltr'><strong>qua-</strong></span> 
     </span>
     <span class='ocr_line' id='line_1_47' title="bbox 905 5137 4634 5229; baseline 0 -24"><span class='ocrx_word' id='word_1_531' title='bbox 905 5149 1064 5208; x_wconf 85' lang='lat' dir='ltr'><strong>tuor</strong></span> <span class='ocrx_word' id='word_1_532' title='bbox 1109 5141 1443 5216; x_wconf 74' lang='lat' dir='ltr'><strong>oratores,</strong></span> <span class='ocrx_word' id='word_1_533' title='bbox 1489 5137 1611 5224; x_wconf 91' lang='lat' dir='ltr'><strong>qui</strong></span> <span class='ocrx_word' id='word_1_534' title='bbox 1673 5137 1765 5205; x_wconf 94' lang='lat' dir='ltr'><strong>ob</strong></span> <span class='ocrx_word' id='word_1_535' title='bbox 1824 5137 2241 5208; x_wconf 87' lang='lat' dir='ltr'><strong>inminentes</strong></span> <span class='ocrx_word' id='word_1_536' title='bbox 2295 5159 2584 5228; x_wconf 88' lang='lat' dir='ltr'><strong>guerras</strong></span> <span class='ocrx_word' id='word_1_537' title='bbox 2639 5149 2911 5217; x_wconf 86' lang='lat' dir='ltr'><strong>mottas,</strong></span> <span class='ocrx_word' id='word_1_538' title='bbox 2983 5157 3142 5203; x_wconf 90' lang='lat' dir='ltr'><strong>cum</strong></span> <span class='ocrx_word' id='word_1_539' title='bbox 3208 5158 3393 5204; x_wconf 87' lang='lat' dir='ltr'><strong>nunc</strong></span> <span class='ocrx_word' id='word_1_540' title='bbox 3441 5157 3584 5205; x_wconf 94' lang='lat' dir='ltr'><strong>non</strong></span> <span class='ocrx_word' id='word_1_541' title='bbox 3630 5138 3994 5208; x_wconf 84' lang='lat' dir='ltr'><strong>videretur</strong></span> <span class='ocrx_word' id='word_1_542' title='bbox 4051 5160 4388 5229; x_wconf 86' lang='lat' dir='ltr'><strong>congrum</strong></span> <span class='ocrx_word' id='word_1_543' title='bbox 4452 5151 4634 5206; x_wconf 88' lang='lat' dir='ltr'><strong>tem-</strong></span> 
     </span>
     <span class='ocr_line' id='line_1_48' title="bbox 903 5242 4636 5334; baseline 0 -23"><span class='ocrx_word' id='word_1_544' title='bbox 903 5266 1033 5334; x_wconf 91' lang='lat' dir='ltr'><strong>pus</strong></span> <span class='ocrx_word' id='word_1_545' title='bbox 1071 5244 1361 5333; x_wconf 84' lang='lat' dir='ltr'><strong>justitie,</strong></span> <span class='ocrx_word' id='word_1_546' title='bbox 1405 5242 1853 5311; x_wconf 89' lang='lat' dir='ltr'><strong>obtinuerunt</strong></span> <span class='ocrx_word' id='word_1_547' title='bbox 1896 5244 2191 5334; x_wconf 84' lang='lat' dir='ltr'><strong>gratiam</strong></span> <span class='ocrx_word' id='word_1_548' title='bbox 2236 5246 2545 5333; x_wconf 86' lang='lat' dir='ltr'><strong>ipsorum</strong></span> <span class='ocrx_word' id='word_1_549' title='bbox 2591 5246 2920 5324; x_wconf 91' lang='lat' dir='ltr'><strong>omnium,</strong></span> <span class='ocrx_word' id='word_1_550' title='bbox 2966 5245 3159 5311; x_wconf 86' lang='lat' dir='ltr'><strong>salvo</strong></span> <span class='ocrx_word' id='word_1_551' title='bbox 3203 5265 3409 5331; x_wconf 92' lang='lat' dir='ltr'><strong>quam</strong></span> <span class='ocrx_word' id='word_1_552' title='bbox 3453 5243 3804 5324; x_wconf 88' lang='lat' dir='ltr'><strong>Hectoris,</strong></span> <span class='ocrx_word' id='word_1_553' title='bbox 3852 5245 3974 5334; x_wconf 92' lang='lat' dir='ltr'><strong>qui</strong></span> <span class='ocrx_word' id='word_1_554' title='bbox 4015 5255 4094 5314; x_wconf 88' lang='lat' dir='ltr'><strong>ut</strong></span> <span class='ocrx_word' id='word_1_555' title='bbox 4154 5257 4367 5333; x_wconf 90' lang='lat' dir='ltr'><strong>caput</strong></span> <span class='ocrx_word' id='word_1_556' title='bbox 4426 5246 4636 5314; x_wconf 87' lang='lat' dir='ltr'><strong>huius</strong></span> 
     </span>
     <span class='ocr_line' id='line_1_49' title="bbox 905 5350 3024 5439; baseline 0.001 -22"><span class='ocrx_word' id='word_1_557' title='bbox 905 5350 1326 5439; x_wconf 89' lang='lat' dir='ltr'><strong>proditionis</strong></span> <span class='ocrx_word' id='word_1_558' title='bbox 1368 5372 1591 5438; x_wconf 89' lang='lat' dir='ltr'><strong>penas</strong></span> <span class='ocrx_word' id='word_1_559' title='bbox 1636 5350 1764 5418; x_wconf 91' lang='lat' dir='ltr'><strong>luit</strong></span> <span class='ocrx_word' id='word_1_560' title='bbox 1806 5371 1935 5437; x_wconf 90' lang='lat' dir='ltr'><strong>pro</strong></span> <span class='ocrx_word' id='word_1_561' title='bbox 1983 5350 2321 5432; x_wconf 90' lang='lat' dir='ltr'><strong>omnibus,</strong></span> <span class='ocrx_word' id='word_1_562' title='bbox 2366 5363 2445 5418; x_wconf 93' lang='lat' dir='ltr'><strong>ut</strong></span> <span class='ocrx_word' id='word_1_563' title='bbox 2492 5352 2682 5418; x_wconf 77' lang='lat' dir='ltr'><strong>infra</strong></span> <span class='ocrx_word' id='word_1_564' title='bbox 2727 5351 3024 5420; x_wconf 87' lang='lat' dir='ltr'><strong>dicetur.</strong></span> 
     </span>
    </p>

    <p class='ocr_par' dir='ltr' id='par_1_11' title="bbox 906 5457 4767 5868">
     <span class='ocr_line' id='line_1_50' title="bbox 1081 5457 4767 5549; baseline 0 -24"><span class='ocrx_word' id='word_1_565' title='bbox 1081 5458 1236 5525; x_wconf 91' lang='lat' dir='ltr'><strong>Hoc</strong></span> <span class='ocrx_word' id='word_1_566' title='bbox 1283 5457 1468 5524; x_wconf 90' lang='lat' dir='ltr'><strong>enim</strong></span> <span class='ocrx_word' id='word_1_567' title='bbox 1515 5476 1754 5526; x_wconf 88' lang='lat' dir='ltr'><strong>mense</strong></span> <span class='ocrx_word' id='word_1_568' title='bbox 1802 5457 2110 5525; x_wconf 89' lang='lat' dir='ltr'><strong>octobris</strong></span> <span class='ocrx_word' id='word_1_569' title='bbox 2164 5457 2634 5524; x_wconf 86' lang='lat' dir='ltr'><strong>transiverunt</strong></span> <span class='ocrx_word' id='word_1_570' title='bbox 2693 5478 2818 5544; x_wconf 89' lang='lat' dir='ltr'><strong>per</strong></span> <span class='ocrx_word' id='word_1_571' title='bbox 2877 5459 3230 5526; x_wconf 84' lang='lat' dir='ltr'><strong>civitatem</strong></span> <span class='ocrx_word' id='word_1_572' title='bbox 3292 5458 3544 5525; x_wconf 88' lang='lat' dir='ltr'><strong>Parme</strong></span> <span class='ocrx_word' id='word_1_573' title='bbox 3595 5458 3864 5546; x_wconf 88' lang='lat' dir='ltr'><strong>equites</strong></span> <span class='ocrx_word' id='word_1_574' title='bbox 3926 5458 4298 5549; x_wconf 89' lang='lat' dir='ltr'><strong>quingenti</strong></span> <span class='ocrx_word' id='word_1_575' title='bbox 4358 5473 4431 5528; x_wconf 89' lang='lat' dir='ltr'><strong>et</strong></span> <span class='ocrx_word' id='word_1_576' title='bbox 4492 5473 4637 5528; x_wconf 89' lang='lat' dir='ltr'><strong>tre·-</strong></span> <span class='ocrx_word' id='word_1_577' title='bbox 4682 5459 4767 5526; x_wconf 83' lang='lat'><strong>45</strong></span> 
     </span>
     <span class='ocr_line' id='line_1_51' title="bbox 908 5562 4636 5653; baseline 0.001 -22"><span class='ocrx_word' id='word_1_578' title='bbox 908 5565 1096 5632; x_wconf 88' lang='lat' dir='ltr'><strong>centi</strong></span> <span class='ocrx_word' id='word_1_579' title='bbox 1139 5563 1416 5653; x_wconf 90' lang='lat' dir='ltr'><strong>pedites</strong></span> <span class='ocrx_word' id='word_1_580' title='bbox 1462 5562 1727 5633; x_wconf 89' lang='lat' dir='ltr'><strong>domini</strong></span> <span class='ocrx_word' id='word_1_581' title='bbox 1771 5563 2195 5631; x_wconf 83' lang='lat' dir='ltr'><strong>marchionis</strong></span> <span class='ocrx_word' id='word_1_582' title='bbox 2253 5564 2544 5632; x_wconf 86' lang='lat' dir='ltr'><strong>Mantue</strong></span> <span class='ocrx_word' id='word_1_583' title='bbox 2608 5562 2788 5630; x_wconf 90' lang='lat' dir='ltr'><strong>bene</strong></span> <span class='ocrx_word' id='word_1_584' title='bbox 2849 5566 3118 5645; x_wconf 86' lang='lat' dir='ltr'><strong>armati,</strong></span> <span class='ocrx_word' id='word_1_585' title='bbox 3166 5585 3460 5651; x_wconf 89' lang='lat' dir='ltr'><strong>quorum</strong></span> <span class='ocrx_word' id='word_1_586' title='bbox 3506 5565 3763 5633; x_wconf 90' lang='lat' dir='ltr'><strong>ductor</strong></span> <span class='ocrx_word' id='word_1_587' title='bbox 3808 5578 3879 5634; x_wconf 91' lang='lat' dir='ltr'><strong>et</strong></span> <span class='ocrx_word' id='word_1_588' title='bbox 3925 5578 4138 5653; x_wconf 87' lang='lat' dir='ltr'><strong>caput</strong></span> <span class='ocrx_word' id='word_1_589' title='bbox 4191 5577 4343 5633; x_wconf 88' lang='lat' dir='ltr'><strong>erat</strong></span> <span class='ocrx_word' id='word_1_590' title='bbox 4404 5568 4636 5635; x_wconf 89' lang='lat' dir='ltr'><strong>domi-</strong></span> 
     </span>
     <span class='ocr_line' id='line_1_52' title="bbox 906 5670 4635 5766; baseline 0.001 -28"><span class='ocrx_word' id='word_1_591' title='bbox 906 5693 1035 5738; x_wconf 88' lang='lat' dir='ltr'><strong>nus</strong></span> <span class='ocrx_word' id='word_1_592' title='bbox 1077 5670 1496 5740; x_wconf 88' lang='lat' dir='ltr'><strong>Franciscus</strong></span> <span class='ocrx_word' id='word_1_593' title='bbox 1541 5670 1769 5749; x_wconf 88' lang='lat' dir='ltr'><strong>Sicus,</strong></span> <span class='ocrx_word' id='word_1_594' title='bbox 1813 5670 2227 5760; x_wconf 86' lang='lat' dir='ltr'><strong>iveruntque</strong></span> <span class='ocrx_word' id='word_1_595' title='bbox 2274 5672 2366 5739; x_wconf 92' lang='lat' dir='ltr'><strong>ad</strong></span> <span class='ocrx_word' id='word_1_596' title='bbox 2410 5682 2668 5739; x_wconf 88' lang='lat' dir='ltr'><strong>terram</strong></span> <span class='ocrx_word' id='word_1_597' title='bbox 2713 5670 2931 5760; x_wconf 88' lang='lat' dir='ltr'><strong>Burgi</strong></span> <span class='ocrx_word' id='word_1_598' title='bbox 2977 5671 3207 5740; x_wconf 88' lang='lat' dir='ltr'><strong>Vallis</strong></span> <span class='ocrx_word' id='word_1_599' title='bbox 3252 5672 3460 5738; x_wconf 89' lang='lat' dir='ltr'><strong>Tarri</strong></span> <span class='ocrx_word' id='word_1_600' title='bbox 3505 5693 3635 5766; x_wconf 91' lang='lat' dir='ltr'><strong>pro</strong></span> <span class='ocrx_word' id='word_1_601' title='bbox 3665 5674 3963 5759; x_wconf 87' lang='lat' dir='ltr'><strong>guardia</strong></span> <span class='ocrx_word' id='word_1_602' title='bbox 3992 5673 4302 5742; x_wconf 87' lang='lat' dir='ltr'><strong>eiusdem</strong></span> <span class='ocrx_word' id='word_1_603' title='bbox 4348 5674 4635 5742; x_wconf 90' lang='lat' dir='ltr'><strong>nomine</strong></span> 
     </span>
     <span class='ocr_line' id='line_1_53' title="bbox 912 5776 4638 5868; baseline 0.001 -24"><span class='ocrx_word' id='word_1_604' title='bbox 912 5788 1130 5847; x_wconf 86' lang='lat' dir='ltr'><strong>status</strong></span> <span class='ocrx_word' id='word_1_605' title='bbox 1172 5776 1582 5860; x_wconf 87' lang='lat' dir='ltr'><strong>Mediolani,</strong></span> <span class='ocrx_word' id='word_1_606' title='bbox 1626 5777 2052 5864; x_wconf 80' lang='lat' dir='ltr'><strong>fueruntque</strong></span> <span class='ocrx_word' id='word_1_607' title='bbox 2085 5777 2172 5845; x_wconf 93' lang='lat' dir='ltr'><strong>de</strong></span> <span class='ocrx_word' id='word_1_608' title='bbox 2194 5777 2362 5863; x_wconf 76' lang='lat' dir='ltr'><strong>‚ipsa</strong></span> <span class='ocrx_word' id='word_1_609' title='bbox 2405 5789 2591 5846; x_wconf 89' lang='lat' dir='ltr'><strong>terra</strong></span> <span class='ocrx_word' id='word_1_610' title='bbox 2621 5797 2709 5845; x_wconf 82' lang='lat' dir='ltr'><strong>ex</strong></span> <span class='ocrx_word' id='word_1_611' title='bbox 2740 5777 3075 5862; x_wconf 87' lang='lat' dir='ltr'><strong>suspectis</strong></span> <span class='ocrx_word' id='word_1_612' title='bbox 3120 5776 3334 5845; x_wconf 85' lang='lat' dir='ltr'><strong>levati</strong></span> <span class='ocrx_word' id='word_1_613' title='bbox 3379 5777 3632 5866; x_wconf 84' lang='lat' dir='ltr'><strong>viginti</strong></span> <span class='ocrx_word' id='word_1_614' title='bbox 3666 5791 3965 5867; x_wconf 88' lang='lat' dir='ltr'><strong>quatuor</strong></span> <span class='ocrx_word' id='word_1_615' title='bbox 3991 5801 4081 5846; x_wconf 80' lang='lat' dir='ltr'><strong>ex</strong></span> <span class='ocrx_word' id='word_1_616' title='bbox 4114 5779 4638 5868; x_wconf 88' lang='lat' dir='ltr'><strong>principaliori-</strong></span> 
     </span>
    </p>
   </div>
   <div class='ocr_carea' id='block_1_9' title="bbox 1090 5999 1917 6071">
    <p class='ocr_par' dir='ltr' id='par_1_12' title="bbox 1090 5999 1917 6071">
     <span class='ocr_line' id='line_1_54' title="bbox 1090 5999 1917 6071; baseline -0.002 -17"><span class='ocrx_word' id='word_1_617' title='bbox 1090 6001 1175 6062; x_wconf 79' lang='lat'><strong>18,</strong></span> <span class='ocrx_word' id='word_1_618' title='bbox 1210 5999 1507 6071; x_wconf 80' lang='lat' dir='ltr'><strong>notitiam]</strong></span> <span class='ocrx_word' id='word_1_619' title='bbox 1545 6000 1768 6058; x_wconf 73' lang='lat' dir='ltr'><strong>notiam</strong></span> <span class='ocrx_word' id='word_1_620' title='bbox 1803 6000 1917 6059; x_wconf 78' lang='lat' dir='ltr'><strong>cod,</strong></span> 
     </span>
    </p>
   </div>
  </div>
 </body>
</html>
