4895 7066
312 442 425 516 [A.
464 444 626 501 1478
666 440 921 516 giugno]
1480 422 1589 507 IN
1645 429 2167 506 PARTIBUS
2222 419 2860 503 LOMBARDIE
3225 529 3230 541 Ι
3924 414 4020 502 27

473 698 634 764 Fuit
683 698 821 764 hoc
871 708 1194 784 tempore
1242 697 1489 764 mirum
1518 697 1589 762 in
1622 715 1791 785 agro
1823 691 2232 762 Mantuano·
2279 691 2776 781 Apparuerunt
2806 692 3067 760 ibidem
3096 712 3230 779 per
3273 691 3527 758 multos
3572 690 3724 758 dies
3771 688 4036 756 locuste

296 806 753 871 comedentes
799 804 1080 882 herbas»,
1128 804 1417 883 fructus,
1464 823 1634 868 uvas
1681 812 1751 868 et
1795 802 1933 868 alia
1978 800 2273 868 virentia
2316 800 2390 865 in
2435 811 2632 867 tanto
2679 820 2990 879 numero,
3037 799 3228 887 quod
3296 796 3736 885 occupabant
3796 815 4036 863 versus

294 911 593 977 Brisiam
625 933 759 997 per
803 909 1133 976 milliaria
1177 910 1479 998 trigenta
1523 907 1596 974 in
1645 907 2078 997 longitudine
2127 918 2198 974 et
2242 906 2317 972 in
2365 906 2732 973 latitudine
2777 926 2909 992 per
2951 905 3282 972 milliaria
3327 917 3643 994 quatuor.
3736 903 3918 970 Nam
3964 913 4035 969 et

295 1038 433 1083 ova
478 1017 845 1084 faciebant
889 1017 967 1082 in
1012 1028 1216 1095 terra,
1266 1038 1354 1083 ex
1398 1014 1646 1103 quibus
1690 1015 1751 1080 si
1798 1016 1954 1102 quis
2000 1035 2083 1081 ea
2130 1034 2285 1081 com
2332 1025 2522 1080 terra
2566 1011 2682 1080 vel
2725 1013 3017 1101 pulvere
3062 1012 3369 1080 fricabat
3414 1011 3487 1077 in
3533 1009 3876 1089 manibus,
3924 1031 4037 1075 su-

208 1123 245 1187 5
291 1122 469 1190 bito'
519 1123 927 1191 oriebantur
974 1125 1237 1191 locuste
1283 1144 1520 1209 parve,
1567 1121 1739 1187 alias
1796 1125 1827 1158 ‘⁶
1855 1120 2191 1187 cavallete
2220 1168 2279 1201 ,μ
2373 1120 2657 1187 Etenim
2702 1119 2837 1187 hoc
2899 1119 3034 1186 fuit
3093 1118 3486 1207 presagium
3546 1116 3818 1205 aliquid
3861 1116 4026 1181 mali

294 1230 577 1296 venturi
609 1230 683 1295 in
715 1229 856 1297 illis
886 1230 1217 1316 partibus.
1305 1228 1423 1295 Ad
1470 1250 1641 1316 quas
1673 1227 2125 1314 expellendas
2171 1226 2492 1294 dominus
2537 1227 2849 1294 marchio
2892 1225 3183 1293 Mantue
3227 1223 3633 1292 Ludovicus
3681 1222 4040 1310 deputavit

240 1362 253 1374 ·
299 1357 458 1403 com
507 1338 794 1404 sallario
840 1337 1146 1403 infinitas
1190 1355 1545 1423 personae,
1594 1335 1711 1424 qui
1773 1335 1930 1401 illas
2000 1354 2155 1401 com
2222 1334 2514 1421 perticis
2557 1333 2787 1422 longis
2832 1332 2908 1398 in
2954 1333 3204 1423 quibus
3250 1333 3340 1398 ad
3385 1345 3717 1419 punctam
3764 1330 4039 1418 aliquid

297 1442 623 1531 ligabant
670 1444 1203 1530 manipulorum,
1251 1442 1696 1520 occidebant,
1741 1453 1901 1529 post
1963 1464 2252 1529 quarum
2318 1441 2700 1507 discessum
2765 1452 2918 1508 orta
2964 1453 3068 1507 est
3113 1440 3185 1505 in
3229 1440 3522 1506 Mantua
3567 1436 3828 1505 acerba
3872 1458 4042 1503 con-

297 1550 518 1637 tagio,
569 1571 711 1639 que
758 1551 991 1616 multis
1038 1548 1287 1618 diebus
1332 1548 1559 1639 viguit
1604 1547 1770 1615 illic.
1863 1548 2109 1635 quue
2162 1570 2399 1615 mense
2441 1546 2612 1635 junij
2663 1566 2752 1613 ex
2796 1547 2935 1613 hoc
2981 1546 3217 1613 seculo
3264 1544 3586 1635 migravit
3632 1545 3865 1612 dictus
3912 1544 4037 1610 do-

180 1658 255 1721 10
296 1656 528 1723 minus
575 1657 921 1736 marchio,
968 1658 1042 1722 in
1094 1657 1289 1723 cuius
1334 1655 1567 1723 locum
1616 1655 1950 1721 successit
1997 1653 2320 1722 dominus
2366 1653 2755 1721 Federicus
2801 1652 2953 1721 eius
2994 1652 3518 1741 primogenitus.

478 1763 643 1830 Hoc
692 1764 901 1830 etiam
948 1782 1185 1830 mense
1226 1762 1399 1852 junij
1454 1762 1647 1828 aliud
1692 1760 2015 1827 mirabile
2065 1760 2384 1847 apparuit
2412 1760 2486 1825 in
2518 1758 2802 1828 civitate
2847 1759 3229 1827 Placentie.
3320 1758 3504 1825 Nam
3549 1757 3861 1844 sepultus
3906 1757 4041 1824 fuit

294 1871 369 1935 in
418 1871 732 1937 ecclesia
776 1871 999 1937 sancti
1045 1870 1404 1936 Francisci
1453 1869 1642 1937 dicte
1672 1880 1679 1887 '
1709 1869 2010 1934 civitatis
2070 1868 2351 1955 quidam
2409 1867 2586 1934 civis
2654 1868 2933 1934 nomine
3004 1868 3421 1934 Franciscus
3480 1866 3574 1933 de
3634 1865 4039 1953 Pizigardis,

298 1977 655 2042 maximus
700 1988 772 2043 et
817 1977 1128 2044 crudelis
1170 1976 1538 2043 uxurarius
1584 1996 1627 2041 a
1670 1975 1901 2042 multis
1948 1994 2195 2042 exosus
2241 1986 2311 2041 et
2355 1974 2666 2061 sepultus
2697 1974 2833 2041 fuit
2862 1994 3020 2040 com
3051 1986 3242 2041 veste
3275 1972 3590 2040 beretina
3621 1984 3693 2040 et
3723 1973 4040 2039 cordono

298 2083 529 2149 sancti
580 2083 966 2162 Francisci,
1014 2084 1090 2148 in
1139 2103 1357 2169 eaque
1405 2081 1707 2149 ecclesia
1751 2094 2076 2167 receptus
2120 2080 2311 2147 nulla
2355 2080 2552 2148 facta
2591 2102 2966 2147 uxurarum
3028 2079 3480 2148 restitutione.
3572 2079 3752 2148 Cum
3797 2078 4038 2166 pluvia

182 2190 255 2253 15
305 2188 500 2256 foret
549 2190 799 2279 ingens
847 2202 917 2256 et
961 2188 1297 2258 continua
1342 2209 1470 2275 per
1514 2190 1767 2256 multos
1813 2189 1983 2267 dies,
2033 2199 2188 2255 orta
2234 2198 2340 2254 est
2384 2188 2576 2254 fama
2621 2189 2694 2253 in
2738 2187 3025 2274 populo,
3073 2187 3264 2276 quod
3311 2187 3504 2255 dicta
3547 2186 3786 2275 pluvia
3847 2207 4042 2252 nom-

298 2318 513 2383 quam
564 2309 896 2375 cessaret,
944 2297 1175 2363 donec
1225 2316 1477 2382 corpus
1539 2295 1708 2362 dicti
1776 2294 2080 2385 uxurarij
2151 2308 2331 2361 esset
2395 2294 2468 2359 in
2538 2304 2829 2361 sacrato.
2922 2293 3134 2361 Pueri
3183 2293 3485 2362 civitatis
3528 2293 3726 2384 quasi
3772 2312 4036 2371 omnes,

297 2403 502 2468 dicto
554 2421 860 2488 corpore
909 2400 997 2468 ab
1046 2401 1384 2488 episcopo
1415 2401 1772 2490 requisito,
1805 2421 2032 2488 eoque
2064 2410 2430 2467 recusante
2464 2400 2643 2467 velle
2676 2401 2870 2479 dare,
2903 2399 3176 2467 iverunt
3206 2400 3407 2467 simul
3438 2398 3616 2466 uniti
3647 2399 3742 2466 ad
3772 2399 4036 2466 dictam

304 2510 714 2586 ecclesiam,
746 2523 983 2595 portas
1014 2508 1493 2588 deiecerunt,
1475 2528 1836 2595 ipsumque
1884 2528 2138 2595 corpus
2184 2527 2273 2573 ex
2304 2506 2673 2594 sepulchro
2706 2506 3157 2586 divulserunt‚
3206 2518 3277 2574 et
3307 2506 3499 2573 dicto
3532 2507 3869 2585 cordono,
3901 2526 4041 2594 quo

301 2618 584 2682 cinctus
634 2631 804 2701 erat,
839 2635 1152 2703 appenso
1185 2617 1276 2682 ad
1311 2616 1588 2695 collum,
1620 2614 1796 2682 illud
1825 2634 1955 2702 per
1983 2614 2271 2701 plateas,
2306 2614 2522 2693 vicos,
2555 2624 2951 2682 contractas
2985 2614 3288 2681 civitatis
3319 2625 3390 2681 et
3420 2635 3548 2701 per
3578 2625 3790 2681 totam
3823 2613 4042 2699 ipsam

172 2725 255 2786 20
302 2723 668 2790 civitatem
716 2724 1147 2802 trhaxerunt,
1195 2722 1645 2809 proiecteque
1693 2733 1853 2788 sunt
1897 2722 1971 2787 in
2017 2721 2265 2809 plateis
2309 2742 2438 2808 per
2500 2721 2868 2809 quemdam
2931 2719 3020 2787 ab
3083 2721 3424 2789 defuncto
3471 2718 3853 2787 extortum·
3901 2731 4042 2787 tres

302 2830 611 2908 cavicie,
683 2830 833 2896 sive
903 2831 1188 2917 capistri
1249 2842 1411 2897 ante
1475 2830 1701 2897 dictos
1760 2848 2033 2916 pueros,
2105 2849 2261 2895 com
2330 2828 2582 2917 quibus
2643 2840 2848 2915 rupto
2896 2829 3202 2896 cordono
3248 2828 3427 2895 illud
3469 2840 3750 2916 possent
3796 2828 4040 2894 melius

306 2938 617 3004 trahere.
715 2935 1031 3027 Cumque
1079 2937 1523 3023 aplicuissent
1565 2949 1726 3003 ante
1771 2936 2069 3004 hostium
2114 2937 2474 3005 cuiusdam
2518 2936 2943 3023 paupercule
3007 2937 3217 3004 vidue
3281 2949 3354 3004 et
3398 2937 3652 3015 vetule,
3699 2937 3832 3002 hec
3880 2955 4037 3003 com

306 3065 450 3110 una
494 3058 747 3133 stanga
792 3045 1009 3111 exivit
1057 3046 1358 3123 domum,
1407 3057 1615 3130 caput
1675 3044 1927 3112 mortui
1993 3067 2150 3111 cum
2199 3066 2284 3110 ea
2327 3044 2587 3130 pluries
2631 3043 3089 3130 percutiendo
3150 3055 3220 3110 et
3266 3043 3568 3111 dicendo
3625 3042 4045 3110 “Rendeme

308 3151 377 3216 le
424 3151 567 3217 mie
616 3172 855 3237 ove„:
905 3152 1039 3219 hec
1087 3144 1271 3217 enirn
1316 3151 1550 3218 vetula
1594 3150 1933 3218 habuerat
1979 3149 2068 3217 ab
2114 3152 2361 3217 eodem
2406 3172 2619 3218 unum
2668 3150 2992 3218 ducatum
3039 3152 3131 3218 ad
3177 3171 3486 3229 uxuram,
3532 3169 3661 3237 pro
3706 3171 3848 3238 quo
3892 3149 4037 3216 sin-

176 3256 256 3321 25
301 3258 473 3347 gulo
523 3258 643 3323 die
693 3258 906 3325 dabat
953 3257 1043 3325 de
1088 3257 1424 3324 interesse
1469 3257 1614 3323 sive
1659 3279 1876 3324 uxura
1922 3278 2053 3324 ova
2101 3258 2241 3325 duo
2302 3256 2632 3324 recentia.
2725 3257 3042 3323 Tandem
3112 3258 3361 3325 ductus
3420 3256 3557 3323 fuit
3618 3268 3812 3323 extra
3872 3255 4048 3323 civi-

304 3378 528 3432 tatem
579 3375 651 3431 et
698 3386 996 3452 apensus
1038 3386 1170 3452 per
1211 3365 1474 3453 gullam
1522 3368 1615 3433 ad
1660 3366 2031 3453 quamdam
2078 3366 2388 3444 salicem,
2432 3376 2682 3451 postea
2729 3363 3093 3431 deiectus
3075 3386 3146 3430 m
3178 3364 3464 3431 flumine
3494 3363 3693 3432 Padi.
3786 3364 3878 3433 Et
3907 3364 4041 3432 fuit

303 3471 657 3550 mirabile,
705 3473 895 3560 quod
943 3472 1136 3539 illico
1180 3470 1421 3559 pluvia
1465 3472 1781 3539 cessavit.

491 3579 579 3644 In
628 3579 861 3646 medio
908 3601 1144 3645 mense
1188 3580 1360 3670 junij
1426 3579 1735 3670 predicti
1786 3579 2106 3647 dominus
2165 3578 2515 3647 Antonius
2577 3580 2668 3646 de
2728 3580 2970 3648 Tricio
3018 3591 3255 3656 orator
3326 3580 3511 3670 regis
3577 3579 4033 3660 Ferdinandi,

304 3686 431 3773 qui
480 3686 720 3752 multis
765 3685 1012 3752 diebus
1058 3698 1339 3753 steterat
1383 3685 1798 3766 Mediolani,
1846 3686 1965 3753 ubi
2013 3686 2219 3753 etiam
2284 3687 2564 3753 fuerant
2626 3699 2934 3753 oratores
2994 3687 3184 3775 regis
3227 3687 3547 3766 Francie,
3594 3687 4046 3765 Venetorum,

180 3793 261 3856 30
306 3790 880 3859 Florentinorum
929 3805 1001 3860 et
1045 3793 1242 3859 ducis
1286 3794 1594 3872 Ferarie,
1643 3804 2256 3882 temptaveratque,
2304 3794 2496 3881 quod
2542 3793 2828 3860 domina
2889 3794 3164 3859 ducissa
3210 3805 3280 3861 et
3329 3794 3470 3861 dux
3519 3794 3911 3861 Mediolani
3969 3814 4044 3858 se

308 3899 778 3965 dissolverent
822 3922 867 3966 a
910 3899 1360 3989 colligatione
1403 3897 1988 3982 Florentinorum,
2035 3901 2287 3989 quibus
2330 3902 2480 3987 ipse
2541 3923 2665 3968 rex
2710 3902 3200 3969 Ferdinandus
3268 3915 3338 3970 et
3381 3923 3684 3969 summus
3727 3902 4049 3988 pontifex

305 4027 605 4094 gueram
653 4006 1097 4073 minabantur
1142 4006 1232 4073 ob
1276 4018 1474 4097 gesta
1516 4027 1643 4093 per
1687 4028 1829 4087 eos,
1879 4009 1973 4088 de·
2017 4006 2265 4095 quibus
2308 4029 2517 4094 supra
2547 4008 2810 4076 dictum
2845 4019 2981 4074 est:
3016 4028 3176 4074 cum
3208 4007 3391 4075 tallis
3422 4008 3782 4075 dissolutio
3817 4007 4045 4074 locum

323 4134 468 4178 non
518 4124 758 4198 posset
801 4112 1085 4192 habere,
1132 4113 1449 4181 discessit
1492 4136 1535 4179 a
1577 4113 1984 4182 Mediolano
2054 4126 2125 4181 et
2169 4113 2576 4194 cabalarios,
2623 4115 2743 4202 qui
2787 4133 2916 4200 pro
2964 4115 3157 4182 dicto
3204 4134 3369 4203 rege
3416 4114 3768 4181 habebant
3812 4125 4046 4201 postas

310 4220 381 4283 in
428 4218 888 4298 Lombardia‚
937 4219 1214 4301 levavit,
1262 4220 1575 4310 dixitque
1623 4222 1845 4308 ipsum
1891 4242 2126 4311 regem
2175 4233 2388 4288 status
2432 4221 2824 4290 Mediolani
2845 4224 3006 4289 ·hac
3055 4223 3145 4290 de
3193 4243 3405 4289 causa
3450 4222 3605 4290 fore
3668 4221 4044 4287 inimicum.

191 4325 264 4389 35
309 4326 525 4392 Tunc
570 4338 803 4393 autem
848 4326 1060 4394 multe
1105 4339 1349 4416 gentes
1395 4328 1739 4417 armigere
1798 4341 1940 4395 tam
2001 4340 2353 4416 equestres
2414 4349 2622 4416 quam
2667 4329 3026 4415 pedestres
3071 4329 3273 4395 misse
3334 4341 3491 4396 sunt
3535 4350 3580 4394 a
3646 4341 3828 4396 statu
3887 4327 4044 4394 Me-

313 4433 590 4500 diolani
641 4433 1064 4501 Florentiam
1110 4435 1182 4499 in
1229 4435 1492 4501 auxilio
1539 4434 2121 4515 Florentinorum,
2173 4435 2422 4522 quibus
2468 4434 2790 4525 gentibus
2833 4436 3138 4523 prefecti
3168 4449 3348 4514 sunt,
3378 4447 3456 4503 ut
3486 4457 3698 4523 supra
3725 4436 4045 4515 diximus,

313 4539 647 4606 dominus
692 4539 1044 4628 Johannes
1092 4542 1181 4609 de
1228 4541 1564 4628 Scipiono
1612 4553 1682 4609 et
1728 4543 2049 4608 dominus
2092 4542 2449 4631 Johannes
2477 4541 2785 4631 Jacobus
2817 4543 2906 4609 de
2939 4542 3321 4610 TrivulciO.
3411 4542 3617 4610 Tunc
3664 4541 3896 4610 dictus
3924 4563 4048 4608 rex

312 4646 739 4733 perquisivit
784 4666 1060 4713 omnem
1105 4649 1288 4713 viam
1335 4668 1542 4735 quam
1586 4648 1840 4735 potuit,
1887 4661 1964 4716 ut
2008 4659 2263 4714 statum
2306 4648 2700 4715 Mediolani
2744 4648 3180 4715 subverteret
3225 4660 3295 4718 et
3324 4648 3656 4729 ruinaret,
3704 4650 4045 4716 inmemor

313 4752 806 4818 benefitiorum
873 4766 1316 4840 receptorum
1386 4776 1428 4819 a
1494 4756 1845 4842 quondam
1916 4754 2096 4834 duce
2144 4756 2548 4834 Francisc0‚
2597 4757 2793 4822 cuius
2837 4756 3081 4822 favore
3127 4755 3199 4821 in
3244 4766 3468 4823 morte
3535 4755 3721 4846 regis
3764 4755 4049 4822 Alfonsi

198 4861 274 4924 40
318 4860 631 4926 obtinuit
678 4871 750 4926 et
792 4860 1182 4928 defensavit
1229 4880 1522 4950 regnum
1569 4862 1923 4949 Neapolis,
1971 4863 2042 4928 in
2090 4883 2228 4951 quo
2274 4862 2655 4929 intraverat
2701 4863 2843 4928 dux
2884 4862 3246 4951 Johannes
3304 4876 3505 4932 natus
3548 4862 3738 4953 regis
3781 4862 4046 4931 Renati

317 4977 388 5032 et
434 4966 783 5033 inmemor
825 4968 1182 5054 parentele
1229 4979 1299 5034 et
1344 4968 1692 5035 affinitatis
1737 4969 1910 5035 dicti
1960 4969 2227 5036 domini
2274 4970 2474 5036 ducis
2517 4969 2742 5057 parvi.

502 5073 774 5139 Eodem
821 5094 1003 5140 anno
1059 5072 1225 5145 1478
1276 5075 1470 5142 circa
1513 5076 1718 5143 finem
1759 5075 1934 5165 junij
1988 5075 2310 5142 dominus
2355 5076 2658 5163 Prosper
2699 5076 3033 5143 Adurnus
3075 5076 3464 5166 Januensis,
3509 5077 3632 5165 qui
3679 5078 4049 5163 deputatus

320 5157 561 5246 fuerat
608 5180 1033 5267 gubernator
1079 5180 1301 5268 janue
1349 5203 1477 5267 pro
1524 5194 1707 5249 statu
1751 5182 2165 5262 Mediolani,
2211 5181 2661 5271 instigatione
2707 5182 2879 5250 dicti
2926 5182 3115 5273 regis
3160 5184 3608 5263 Ferdinandi,
3640 5185 3948 5271 receptis
3977 5185 4050 5250 in

314 5300 531 5373 portu
575 5286 826 5373 galleis
873 5310 1016 5366 sex,
1065 5299 1135 5353 et
1182 5287 1400 5355 tribus
1444 5287 1736 5355 navibus
1782 5290 2038 5378 grossis
2082 5291 2364 5356 armatis
2410 5289 2587 5356 dicti
2636 5290 2840 5379 regis,
2887 5312 2964 5356 se
3011 5289 3377 5358 rebellavit
3410 5291 3712 5358 dominis
3755 5284 4050 5359 ducibus

203 5391 274 5456 45
317 5392 744 5471 Mediolani,
791 5394 985 5460 nulla
1030 5405 1313 5463 extante
1362 5393 1676 5483 legitima
1725 5415 1952 5476 causa,
2002 5408 2218 5464 totam
2265 5396 2622 5464 civitatem
2670 5396 3047 5464 commovit
3114 5398 3208 5467 ad
3276 5418 3468 5464 arma
3527 5397 3810 5466 nomine
3875 5395 4051 5465 dicti

317 5502 524 5589 regis,
573 5499 910 5588 illamque
958 5501 1355 5589 occupavit,
1401 5514 1774 5590 portasque
1821 5502 2118 5569 munivit
2164 5515 2236 5571 et
2283 5504 2515 5570 omnia
2561 5503 2919 5583 fortilicia,
2952 5503 3263 5591 exceptis
3293 5503 3694 5584 Castellet0‚
3726 5505 4048 5586 Lucu110,

317 5607 730 5674 Castellatio
778 5620 852 5674 et
898 5607 1159 5675 Sancto
1204 5609 1604 5688 Francisco,
1653 5631 1789 5697 que
1834 5609 2031 5676 firma
2074 5621 2554 5677 remanserunt
2616 5623 2688 5678 et
2741 5610 3011 5678 munita
3069 5630 3201 5698 pro
3261 5622 3447 5678 statu
3504 5612 3914 5692 Mediolani,
3977 5612 4049 5679 in

316 5736 535 5802 eaque
581 5713 875 5783 civitate
922 5713 1118 5781 venit
1159 5715 1477 5782 dominus
1518 5716 1766 5805 Jullius
1811 5711 2314 5804 Neapolitanus
2358 5717 2637 5784 n'omine
2671 5717 2844 5785 dicti
2872 5716 3080 5807 regis,
3111 5736 3202 5784 ac
3232 5718 3437 5785 etiam
3468 5718 3789 5787 dominus
3818 5719 4050 5788 Ludo-

484 5960 577 6016 26.
616 5956 901 6029 speruus]
939 5972 1215 6028 apensum
1252 5960 1366 6012 cod.
1404 5984 1429 5998 -
1463 5957 1741 6028 deiectus]
1781 5957 2067 6011 delectum
2101 5960 2217 6014 cod.
2258 5988 2323 6000 -
2360 5969 2450 6028 47.
2486 5960 2754 6015 suma...-
2791 5960 3036 6029 munita]
3073 5960 3305 6016 firme...
3344 5963 3563 6016 munIte
3598 5962 3716 6021 cod.

4177 1135 4371 1179 naon

4194 2739 4348 2791 Μυιι..
4377 2741 4450 2781 281

4185 3612 4228 3644 C·
4258 3609 4370 3650 07?
