4895 7066
585 1501 743 1552 Μαι..
771 1498 852 1543 395

642 2043 684 2078 e.
718 2030 802 2075 uo
829 2041 861 2073 v

655 4379 697 4408 C.
726 4374 806 4415 127
832 4380 857 4407 r

582 5429 735 5479 Mun„
769 5428 850 5469 396

1031 515 1172 606 118,
2306 515 2784 593 CRONICA
2842 515 3420 591 GESTORUM
4003 525 4108 600 [A.
4154 528 4330 584 14s2
4366 529 4688 602 novembre]

1189 730 1405 799 Sexto
1448 724 1841 794 novembris
1886 744 2042 790 cum
2087 741 2225 788 una
2267 743 2428 809 pars
2475 723 2816 789 exercitus
2879 722 3304 788 Venetorum
3364 720 3681 786 intrasset
3731 741 3858 806 per
3922 722 4196 787 canalle
4259 720 4544 787 Ravene
4596 747 4686 790 ra-

1011 859 1201 906 mum
1243 833 1421 902 Padi
1463 832 1800 900 venientis
1843 829 2194 898 Ferariam
2241 841 2310 894 et
2353 850 2628 915 passum
2659 827 2959 895 Zaniolli
3006 826 3405 894 obtinuisset
3436 826 3725 892 ducatus
3756 827 4061 906 Ferarie,
4091 826 4344 893 volens
4389 830 4693 896 accedere

1008 942 1363 1012 Ferariam
1407 951 1478 1006 et
1541 937 1732 1025 prius
1800 934 2110 1002 obtinere
2173 930 2585 1010 Arzentum3
2649 954 2736 1000 ex
2799 933 3116 1020 opposito
3177 952 3345 998 vero
3392 945 3635 1019 gentes
3695 932 4029 1013 ducales,
4092 951 4237 1019 que
4299 951 4694 1002 recesserant

1006 1073 1049 1117 a
1093 1050 1352 1117 Sancto
1399 1044 1750 1124 Secundo,
1800 1041 2150 1110 obstarent
2194 1041 2357 1105 illuc
2404 1041 2628 1120 misse,
2673 1062 2910 1128 pugna
2953 1051 3149 1106 atrox
3212 1059 3434 1126 prope
3479 1037 3857 1106 Arzentum
3917 1039 4213 1105 inferius
4280 1039 4454 1105 inter
4496 1053 4697 1107 utran-

1008 1179 1144 1245 que
1212 1164 1477 1242 partem
1546 1153 1827 1237 incepta
1895 1148 2044 1216 fuit.
2147 1148 2468 1214 Tandem
2527 1159 2772 1235 gentes
2830 1146 3289 1225 Venetorum,
3354 1146 3426 1211 in
3483 1145 3729 1234 quibus
3795 1147 4082 1212 aderant
4144 1146 4698 1232 quinquecentum
4769 1151 4794 1215 5

1006 1261 1334 1331 Str-adioti
1379 1257 1771 1326 millitantes
1814 1276 2005 1322 more
2051 1254 2358 1333 Turcho,
2419 1266 2752 1340 ruperunt
2801 1267 3042 1342 gentes
3085 1253 3435 1339 predictas
3481 1252 3789 1320 ducalles
3836 1264 3908 1318 et
3950 1250 4253 1340 burgum
4298 1249 4572 1319 Arzenti
4613 1256 4699 1321 di-

1008 1368 1376 1438 ctissimum
1422 1366 1495 1432 in
1538 1365 1828 1451 predam
1872 1361 2235 1440 dederunt,
2268 1361 2518 1427 multos
2563 1373 2898 1447 ceperunt
2943 1373 3013 1427 et
3043 1360 3468 1427 occiderunt.
3563 1360 3652 1425 Et
3696 1359 3875 1426 inter
3921 1359 4092 1425 alios
4140 1358 4418 1425 occisus
4446 1359 4568 1425 fuit
4593 1363 4701 1427 do-

1007 1475 1232 1542 minns
1264 1472 1616 1562 Johannes
1659 1467 2030 1535 Allovisius
2073 1465 2343 1532 Bos'sus
2386 1467 2479 1534 de
2522 1466 2966 1543 Mediolan03
3015 1478 3257 1551 captus
3290 1479 3358 1532 et
3389 1467 3785 1532 vulneratus
3815 1466 3950 1532 fuit
3979 1465 4344 1553 Johannes
4390 1464 4704 1543 Quillicus

1009 1583 1099 1650 de
1149 1581 1409 1648 Sancto
1455 1576 1722 1653 vitani,
1769 1573 2082 1639 similiter
2128 1570 2410 1640 Borsius
2459 1574 2548 1639 de
2595 1572 2942 1660 Cor-rigia,
2989 1573 3398 1658 Zampetrus
3445 1571 3843 1660 Brigamini,
3877 1571 4199 1637 Ruffinus
4248 1570 4620 1637 Smiraldus
4645 1587 4702 1638 et

1007 1687 1205 1755 multi
1251 1685 1367 1775 alij
1418 1683 1762 1749 ductores.
1854 1678 1995 1746 Vix
2041 1679 2260 1745 evasit
2320 1679 2637 1745 dominus
2685 1678 3170 1768 Sigismo'ndus
3230 1677 3572 1757 Extensis,
3619 1677 3740 1763 qui
3785 1677 4055 1766 aufugit
4098 1687 4175 1742 et
4221 1695 4300 1742 se
4344 1676 4606 1743 reduxit
4642 1679 4701 1743 in
4743 1683 4800 1768 lo

1008 1794 1338 1861 Arzento.
1429 1788 1752 1857 Victoria
1796 1786 1931 1853 fuit
1974 1785 2285 1854 maxima,
2317 1806 2446 1872 pro
2495 1785 2809 1863 Venetis,
2859 1785 2980 1872 qui
3025 1795 3252 1850 castra
3295 1782 3604 1850 Arzento
3659 1784 4106 1850 firmaverunt
4151 1794 4228 1849 et
4273 1782 4377 1848 sic
4431 1782 4604 1849 inira
4647 1798 4705 1850 et

1005 1920 1215 1987 supra
1258 1895 1614 1965 Ferariam
1661 1894 1803 1959 duo
1849 1903 2079 1958 castra
2121 1891 2575 1957 munitissima
2619 1888 2986 1957 habebant.

1186 2005 1319 2071 Die
1366 2001 1676 2090 proxime
1709 1998 1904 2065 dicta
1931 1996 2269 2085 applicuit
2297 1997 2375 2062 in
2408 1997 2683 2063 civitate
2727 1995 2976 2062 Parme
3021 2017 3150 2082 pro
3195 1997 3653 2085 gubernatore
3688 1997 4009 2063 dominus
4037 1996 4404 2083 Johannes
4433 1995 4703 2083 Jacobus

1008 2113 1098 2180 de
1143 2109 1492 2179 Trivultio
1536 2126 1695 2175 com
1739 2123 1954 2171 uxore
2000 2124 2143 2182 sua,
2190 2102 2265 2168 in
2310 2125 2450 2191 qua
2496 2102 2713 2169 solum
2746 2101 3013 2168 duobus
3046 2102 3291 2169 diebus
3325 2114 3429 2169 est
3464 2115 3923 2170 commoratus
3970 2115 4042 2170 et
4085 2101 4355 2167 habitis
4382 2103 4703 2191 primariis

1011 2217 1274 2287 civibus
1319 2215 1622 2284 omnium
1668 2210 2120 2297 squadrarum
2183 2229 2415 2275 coram
2462 2230 2562 2286 se,
2609 2229 2731 2274 eos
2778 2228 3014 2275 omnes
3077 2221 3181 2275 est
3211 2205 3486 2274 ¹ortatus
3532 2209 3625 2275 ad
3683 2207 3864 2275 bene
3909 2205 4294 2275 vivendum
4359 2219 4430 2273 et
4473 2208 4699 2294 optime
4741 2210 4795 2273 15

1010 2323 1427 2412 sperandum
1460 2321 1549 2386 de
1582 2338 1759 2405 pace
1791 2315 2274 2403 suprascripta,
2307 2313 2524 2381 multa
2568 2314 2913 2381 offerrens
2956 2315 3259 2401 squadre
3306 2314 3580 2394 Rubee‚
3614 2336 3821 2403 quam
3850 2315 4311 2401 reintegravit
4342 2326 4416 2380 et
4444 2315 4704 2380 restituit

1004 2433 1096 2497 ad
1142 2428 1456 2507 consilia,
1505 2424 1901 2493 credentias
1948 2435 2018 2489 et
2060 2420 2451 2487 antianatus
2499 2432 2880 2487 consuetos.
2973 2421 3064 2487 Et
3096 2421 3447 2487 mandavit
3477 2442 3596 2488 eos
3625 2420 3880 2487 habere
3913 2440 4160 2487 vocem
4211 2442 4410 2486 suam
4456 2421 4526 2485 in
4565 2442 4702 2508 pre-

1012 2536 1234 2605 missis
1272 2534 1466 2622 juxta
1509 2531 1802 2598 solitum.
1892 2528 2166 2595 Exinde
2212 2527 2621 2593 festinanter
2664 2539 2952 2613 propter
2995 2539 3311 2615 sequtum
3346 2527 3744 2594 conflictum
3792 2528 3976 2613 apud
4021 2525 4415 2595 Arzentum
4448 2529 4703 2594 recessit

1010 2657 1082 2712 et
1125 2643 1248 2708 ivit
1289 2660 1526 2707 versus
1567 2637 1946 2703 Ferariam.

1183 2748 1471 2814 Decimo
1518 2763 1700 2811 nono
1747 2740 2159 2819 novembris,
2205 2739 2558 2827 indigente
2591 2741 2902 2807 exercitu
2931 2753 3002 2808 et
3031 2742 3294 2826 populo
3340 2739 3733 2807 Ferariensi
3777 2741 4146 2829 victualijS,
4197 2763 4366 2808 cum
4412 2742 4548 2807 dux
4588 2742 4699 2805 Fe-
4737 2742 4797 2804 20

1006 2855 1191 2923 rarle
1236 2854 1525 2919 fecisset
1567 2847 1891 2935 accipere
1936 2848 2013 2913 in
2057 2845 2337 2913 Mutina
2381 2858 2451 2912 et
2498 2866 2786 2913 onerare
2834 2847 2906 2911 in
2952 2846 3256 2914 Navillio
3303 2848 3550 2912 multas
3596 2867 3808 2913 naves
3839 2847 4191 2913 frumento
4241 2860 4313 2914 et
4360 2846 4611 2924 farinis,
4639 2861 4699 2912 ut

1006 2961 1365 3032 Ferariam
1412 2959 1852 3033 ducerentur,
1902 2955 2093 3020 cives
2137 2952 2573 3019 Mutinenses
2620 2954 2843 3039 captis
2885 2953 3098 3018 armis
3149 2966 3845 3021 assacomanaverunt
3892 2954 4113 3020 dictas
4181 2954 4597 3020 munitiones
4644 2966 4702 3017 et

1008 3069 1245 3156 plures
1290 3067 1534 3133 domos
1581 3062 1837 3128 civium
1883 3060 2174 3126 divitum
2218 3071 2510 3146 propter
2554 3060 2914 3145 penuriam
2961 3058 3349 3126 bladorum.
3428 3062 3521 3126 Et
3564 3061 3643 3126 id
3688 3060 3875 3126 idem
3910 3072 4139 3126 actum
4189 3072 4298 3127 est
4344 3060 4574 3149 Regi-j,
4600 3058 4699 3124 ubi

1011 3176 1221 3242 etiam
1266 3181 1680 3259 potestatem
1728 3167 2055 3246 occidere
2099 3164 2484 3245 voluerunt,
2531 3166 2792 3251 vixque
2841 3165 3015 3232 dicti
3063 3167 3203 3232 duo
3248 3165 3490 3252 populi
3537 3188 3728 3232 arma
3773 3167 4270 3252 deposuerunt,

1189 3281 1268 3346 In
1315 3299 1513 3344 mane
1559 3276 1675 3341 die
1735 3273 1940 3340 beate
1987 3272 2362 3341 Chatarine
2424 3271 2762 3360 vigesimo
2811 3273 3053 3358 quinto
3116 3272 3529 3352 novembriS,
3578 3274 3923 3340 advocate
3986 3272 4076 3339 ab
4133 3273 4431 3362 antiquo
4487 3275 4702 3341 domus
4735 3271 4792 3335 25

1009 3386 1262 3455 Rubee
1309 3396 1379 3452 et
1422 3384 1494 3448 in
1527 3402 1667 3468 qua
1696 3380 1813 3446 die
1861 3380 2030 3445 alias
2060 3377 2297 3445 Rubei
2326 3378 2597 3464 expulsi
2627 3378 2875 3463 patria,
2920 3379 3221 3464 patriam
3251 3392 3668 3457 remearunt,
3714 3380 4120 3466 magnificus
4150 3381 4483 3447 dominus
4522 3380 4699 3466 Jaco-

1009 3494 1138 3562 bus
1166 3489 1460 3561 Rubeus
1505 3488 1725 3554 frater
1768 3485 2223 3572 suprascripti
2270 3484 2540 3552 domini
2589 3484 2930 3552 Guidonis
2972 3485 3257 3553 intravit
3303 3496 3603 3552 castrum
3648 3485 4135 3553 Basilicenove
4181 3487 4418 3573 pridie
4464 3508 4505 3552 a
4545 3496 4701 3552 statu

1004 3597 1391 3667 Mediolani
1434 3594 1829 3683 proditione
1876 3591 2205 3669 habitum,
2252 3602 2694 3677 castrumque
2738 3591 2965 3677 ipsum
3010 3612 3141 3678 pro
3183 3593 3470 3659 domino
3520 3593 3841 3659 Guidone
3886 3592 4200 3672 munivit,
4237 3605 4451 3680 capto
4480 3604 4545 3657 et
4573 3590 4698 3657 vul-

1008 3716 1252 3775 nerato
1296 3700 1697 3780 castellano,
1746 3719 1832 3766 ac
1878 3698 2103 3785 captis
2151 3696 2556 3764 custodibus
2603 3697 2997 3764 ducallibus
3043 3698 3301 3765 ibidem
3351 3700 3823 3767 existentibus.

1187 3808 1548 3898 Vigesimo
1618 3820 1803 3872 nono
1869 3803 2266 3870 novembris
2288 3792 2385 3870 *in
2430 3804 2710 3891 vigillis.
2759 3804 3003 3870 Sancti
3063 3802 3346 3871 Andree
3407 3806 3702 3892 prefacti
3766 3806 4026 3871 domini
4087 3806 4602 3874 Protonotarius
4644 3815 4700 3869 et
4733 3802 4795 3865 30

1002 3917 1306 4008 Jacobus
1355 3911 1852 4000 consanguinei
1897 3922 1967 3977 et
2011 3911 2103 3976 ad
2147 3910 2498 3995 stipendia
2544 3910 2823 3977 Veneta
2853 3911 3254 3990 militantes,
3287 3913 3360 3977 in
3391 3924 3597 3979 nocte
3629 3912 4137 3979 ascallaverunt
4183 3925 4257 3980 et
4290 3913 4702 3981 obtinuerunt

1006 4046 1241 4094 arcem
1288 4035 1358 4090 et
1403 4032 1705 4089 castrum
1750 4016 2120 4082 Monticuli
2165 4014 2585 4095 ParmensiS,
2634 4017 2822 4102 quod
2888 4038 2930 4082 a
2976 4018 3153 4085 duce
3201 4019 3484 4085 Ferarie
3530 4018 3918 4097 tenebatur,
3981 4019 4238 4086 deinde
4285 4028 4698 4087 accesserunt

1007 4131 1379 4200 Curiacum
1424 4140 1494 4194 et
1537 4124 1709 4191 illud
1753 4122 2172 4199 munierunt3
2208 4134 2279 4189 et
2306 4124 2441 4188 hec
2489 4123 2724 4189 omnia
2767 4124 3047 4190 nomine
3094 4124 3549 4203 Venetorum,
3597 4124 3847 4192 multos
3892 4124 4156 4192 ibidem
4203 4136 4698 4194 sacomanantes

1009 4249 1081 4304 et
1126 4236 1340 4303 multa
1383 4231 1642 4300 ibidem
1690 4229 2060 4296 lucrantes·
2441 4214 2446 4219 ’
2482 4304 2485 4307 ,

1188 4342 1316 4408 His
1347 4337 1607 4425 sequtis
1636 4347 1852 4402 status
1881 4333 2265 4400 Mediolani
2298 4334 2547 4400 multas
2579 4335 2927 4422 pratichas
2973 4336 3145 4403 fecit
3191 4358 3348 4404 com
3393 4338 3673 4404 domino
3704 4337 4197 4406 Protonotario
4229 4340 4694 4427 suprascript0‚
4729 4330 4788 4396 35

1004 4451 1223 4517 multa
1264 4445 1403 4513 sibi
1447 4440 1873 4530 pollicendo,
1919 4451 1997 4506 ut
2040 4440 2232 4506 dicta
2280 4441 2417 4507 duo
2468 4453 2698 4507 castra
2743 4441 3154 4522 restitueret,
3219 4445 3408 4532 quod
3469 4443 3699 4510 locum
3761 4444 4026 4511 habere
4071 4466 4212 4512 non
4257 4447 4506 4531 potuit,
4552 4444 4695 4507 licet

1006 4557 1212 4625 etiam
1257 4554 1510 4619 fratres
1557 4547 1667 4614 sui
1711 4546 1788 4611 in
1837 4546 1971 4612 hoc
2021 4545 2525 4613 auxiliarentur
2577 4548 2785 4614 statui
2831 4547 3218 4615 Mediolani
3263 4561 3332 4616 et
3374 4550 3670 4635 proinde
3716 4549 3976 4618 Veneti
4023 4551 4190 4637 ipsis
4233 4549 4693 4620 Protonotario

1005 4676 1078 4731 et
1123 4661 1400 4729 domino
1445 4654 1713 4744 Jacobo
1759 4652 2007 4719 multas
2051 4652 2420 4718 misserunt
2464 4654 2796 4740 pecunias
2842 4674 2973 4740 pro
3019 4655 3372 4722 solvendis
3404 4657 3889 4747 stipendiarijs.

1182 4768 1336 4834 Hoc
1382 4775 1699 4847 tempore
1745 4770 1961 4825 status
1991 4758 2378 4825 Mediolani
2407 4760 2689 4845 scripsit
2735 4760 3124 4827 offitialibus
3167 4761 3439 4841 Parme,
3488 4762 3677 4847 quod
3723 4776 4081 4830 cessarent
4129 4765 4215 4832 ab
4263 4763 4689 4853 inquietando

1003 4876 1195 4943 cives
1225 4871 1513 4940 Rubeos
1546 4889 1588 4932 a
1610 4866 1995 4933 soluctione
2018 4877 2177 4930 taxe
2208 4863 2306 4930 eis
2340 4865 2658 4951 imposite
2691 4879 2760 4933 et
2790 4867 3118 4953 relapsari
3151 4868 3319 4935 fecit
3351 4869 3540 4935 cives
3570 4867 3881 4949 Rubeos,
3917 4870 4040 4956 qui
4071 4870 4413 4958 detempti
4443 4873 4690 4937 fuerant
4727 4865 4786 4927 40

999 4995 1068 5049 et
1111 4982 1184 5047 in
1231 4974 1521 5045 diversis
1566 4973 1740 5040 locis
1784 4969 2102 5057 relegati3
2154 4981 2455 5036 attamen
2503 4991 2624 5037 eos
2654 4992 2792 5038 non
2838 4973 3188 5059 permissit
3231 4975 3469 5041 venire
3515 4974 3591 5040 in
3636 4972 3906 5042 Parma.

1177 5084 1309 5151 His
1354 5079 1605 5149 diebus
1647 5074 2072 5164 pauperibus
2114 5074 2364 5142 Parme
2396 5095 2578 5162 pane
2606 5089 2676 5143 et
2705 5076 2914 5145 blado
2946 5078 3441 5167 indigentibus,
3476 5101 3634 5146 cum
3666 5081 3795 5148 hec
3829 5102 3969 5148 non
4001 5084 4474 5169 reperirentur
4505 5100 4687 5147 vena-

1000 5195 1116 5271 lia,
1146 5211 1338 5258 arma
1383 5195 1744 5272 ceperunt,
1775 5194 1850 5248 ut
1880 5182 2123 5248 domos
2155 5181 2446 5248 divitum
2482 5181 2704 5248 bladis
2736 5198 3282 5252 sacomanarent.
3345 5187 3614 5252 Tamen
3648 5187 3997 5254 obviatum
4028 5188 4165 5255 fuit
4195 5202 4268 5257 et
4300 5190 4680 5261 ordinatum,

999 5299 1189 5386 quod
1233 5294 1432 5384 panis
1465 5293 1663 5358 fieret
1692 5289 2001 5366 venatus,
2033 5287 2424 5354 misturatus
2471 5300 2703 5356 tamen
2753 5302 2822 5356 et
2866 5288 3078 5357 blada
3121 5313 3249 5378 per
3280 5292 3469 5360 cives
3514 5286 3764 5360 divites
3809 5293 3881 5359 in
3914 5309 4217 5364 mercato
4263 5298 4681 5365 mitterentur.

1181 5400 1471 5470 Illustris
1518 5395 1833 5464 dominus
1877 5394 2227 5461 Robertus
2275 5394 2363 5461 de
2412 5395 2676 5461 Sancto
2725 5395 3061 5464 Severino
3094 5398 3200 5463 his
3245 5398 3673 5485 temporibus
3722 5399 4093 5468 fabricavit
4121 5402 4195 5467 in
4225 5403 4498 5468 flumine
4527 5396 4677 5466 Padi
4714 5390 4775 5457 45

999 5514 1067 5576 in
1115 5512 1272 5577 loco
1320 5502 1748 5574 Francollini
1793 5522 2004 5566 unum
2034 5511 2316 5586 pontem
2347 5521 2560 5587 super
2588 5501 2900 5582 navibus,
2931 5514 3010 5569 ut
3042 5503 3297 5570 exinde
3330 5505 3694 5571 transitum
3725 5505 4018 5573 haberet
4050 5529 4289 5573 versus
4337 5507 4676 5580 Ferariam,

998 5636 1207 5703 super
1252 5635 1393 5702 quo
1440 5621 1654 5697 ponte
1703 5605 2085 5673 transibant
2131 5607 2290 5691 equi
2336 5618 2407 5672 et
2451 5608 2761 5692 plaustra
2805 5621 3051 5676 onusta
3085 5620 3155 5676 et
3184 5611 3441 5696 ubique
3476 5612 3779 5679 munitus
3812 5625 3961 5679 erat
4007 5611 4429 5692 bombardis,
4470 5630 4678 5699 passa·

999 5718 1423 5788 vollantibus
1467 5727 1537 5782 et
1580 5713 1992 5802 spingardis‚
2041 5711 2495 5798 constititque
2542 5713 2813 5779 ducatis
2862 5713 3418 5802 vigintimillibus
3464 5728 3536 5783 et
3581 5716 3670 5784 ab
3715 5730 4010 5806 utroque
4055 5719 4287 5805 capite
4334 5718 4577 5788 bastiss
4624 5725 4681 5780 et

1002 5845 1245 5915 ageres
1288 5819 1787 5889 munitissimos
1832 5816 2151 5884 habebat.

1175 6050 1259 6088 21.
1296 6033 1552 6101 fecisset]
1588 6032 1732 6085 fecit
1766 6032 1879 6084 ood-
