4895 7066
384 512 513 586 [Α.
547 511 705 572 ms
745 511 987 587 ιςοαο]
1545 498 1656 579 IN
1710 498 2224 578 PARTIBUS
2281 500 2921 579 LOMBARDIE
3992 502 4089 577 53

1419 663 1831 671 mmmm-*ou*-

2150 663 2357 670 --mmm
2487 664 2574 671 wa-
2579 664 2654 671 --n-ffl
2913 664 2938 670 ,-
2951 664 3018 670 m-
3045 665 3052 670 .
3067 664 3088 671 Α...
3175 662 3296 671 avan...
3333 662 3412 670 m
3427 664 3462 669 -..-
3493 663 3507 671 .-
3521 666 3528 670 ,
3553 665 3586 671 ἡ..
3599 664 3620 669 m.
3661 662 4048 671 Ἥμ..-.....,....-..-....----.-

391 753 612 832 bellis,
639 753 715 819 in
747 755 1169 821 monasterio
1204 756 1496 822 fratrum
1528 755 2098 832 Humiliatorum3
2126 766 2196 821 et
2216 754 2396 821 citra
2419 752 2728 841 pontem'
2752 755 2824 820 in
2847 754 3261 822 monasterio
3289 754 3528 821 Sancti
3556 751 3744 823 Petri
3768 752 4101 831 Munitis,

392 861 675 929 fratrum
708 859 954 927 Sancti
985 862 1349 928 Francisci
1380 863 1470 929 de
1499 861 1731 939 Prato,
1764 862 2058 928 fratrum
2090 860 2466 928 Servorum
2487 872 2556 927 et
2585 860 2879 926 fratrum
2912 860 3439 927 Heremitarum.
3527 859 3759 947 Caput
3791 858 4104 945 peditum

386 978 542 1032 erat
582 967 917 1035 Travalia
962 969 1052 1035 de
1100 966 1517 1047 Fontaneto‚
1564 968 2062 1059 armigerorum
2124 966 2435 1035 Michael
2497 967 2802 1044 Batalia;
2867 979 2939 1033 et
2995 988 3209 1053 super
3267 986 3506 1037 omnes
3551 967 3923 1054 deputatus
3966 963 4106 1037 tuit

387 1072 710 1139 dominus
755 1074 1168 1161 Zampetrus
1214 1074 1636 1164 Panigarola
1681 1074 1954 1142 ducalis
2014 1073 2452 1153 secretarius,
2501 1073 2590 1140 de
2639 1093 2780 1160 quo
2827 1074 3132 1140 adventu
3179 1073 3375 1141 cives
3420 1073 3705 1143 multum
3750 1070 4106 1159 pavefacti

287 1176 328 1240 5
378 1191 870 1246 remanserunt
915 1190 987 1246 et
1033 1181 1206 1270 varij
1256 1180 1447 1248 varia
1494 1179 1979 1268 loquebantur.
2071 1181 2538 1247 Portaverunt
2583 1199 2859 1266 quoque
2919 1200 3152 1249 secum
3197 1180 3446 1247 multas
3491 1178 3902 1266 spingardas
3947 1196 4103 1243 com

376 1283 657 1350 bainam
704 1284 1067 1371 p10mbeis,
1113 1286 1469 1372 pulverem
1515 1308 1558 1353 a
1602 1284 2006 1359 bombardis
2048 1298 2121 1353 et
2164 1284 2597 1375 sagitamina.
2691 1284 2799 1351 Ex
2829 1284 3078 1372 quibus
3107 1295 3344 1370 portas
3375 1296 3448 1353 et
3477 1297 3723 1370 pontes
3754 1282 3842 1348 de
3872 1266 4106 1357 medii)

372 1389 694 1457 civitatis
740 1393 1159 1471 munierunt,
1207 1392 1532 1481 guardias
1573 1393 1669 1458 ad
1712 1393 1903 1478 ipsos
1950 1403 2198 1479 pontes
2244 1390 2695 1477 duplicarunt
2737 1402 2811 1457 et
2843 1391 3081 1457 omnia
3111 1389 3445 1459 fortilicia
3473 1389 3831 1476 peditibus
3858 1388 4109 1463 fulcie-

371 1508 563 1562 runt.
660 1497 842 1565 Cum
889 1509 1115 1565 autem
1160 1499 1351 1564 varie
1399 1498 1794 1586 loqueretur
1840 1520 1966 1585 per
2011 1497 2390 1575 civitatem,
2440 1498 2629 1563 facte
2676 1510 2834 1564 sunt
2881 1498 3019 1564 due
3067 1498 3427 1567 credentie
3477 1497 3728 1569 civium
3787 1497 3879 1565 de
3935 1517 4109 1583 qua·
4217 1496 4236 1503 ”

372 1602 555 1669 libet
600 1606 932 1691 squadra,
980 1605 1231 1692 quibus
1262 1605 1689 1672 notificatum
1721 1606 1856 1671 fuit
1885 1625 2013 1691 per
2045 1604 2312 1672 dictum
2358 1604 2806 1671 secretarium
2840 1616 2911 1671 et
2945 1605 3297 1672 dominum
3331 1604 3887 1691 gubernatorem,
3920 1601 4112 1691 quod

252 1710 327 1772 lo
374 1729 519 1777 non
566 1710 919 1791 timerent,
965 1712 1129 1799 quia
1172 1713 1308 1778 hec
1353 1710 1665 1798 provisio
1695 1709 1905 1778 fiebat
1934 1710 2025 1781 ob
2058 1711 2285 1776 minas
2316 1710 2578 1778 domini
2609 1709 2910 1778 Roberti
2941 1711 3029 1779 de
3063 1711 3328 1779 Sancto
3361 1711 3709 1781 Severino
3738 1722 3811 1785 et
3843 1707 4109 1781 domini

375 1815 742 1883 Ludovi‘ci
786 1817 1092 1897 Sforcie,
1138 1817 1526 1884 dicentium
1571 1837 1647 1884 se
1692 1818 1846 1884 vele
1892 1818 1963 1882 in
2009 1817 2206 1885 brevi
2251 1817 2600 1885 accedere
2645 1817 2723 1884 in
2769 1817 3149 1887 Parmensi.

560 1923 706 1989 Die
750 1944 937 1991 nono
981 1926 1255 2014 augusti
1302 1925 1657 2011 prefactus
1714 1924 2038 1991 dominus
2096 1925 2505 2011 Zampetrus
2549 1920 2973 2011 Panigarola
3017 1924 3322 1995 existens
3381 1926 3456 1995 in
3508 1924 3798 2011 pallatio
3847 1921 4110 1991 domini

382 2030 894 2117 gubernatoris,
945 2031 1223 2098 vocavit
1264 2052 1506 2098 coram
1551 2052 1627 2097 se
1659 2030 2011 2098 dominum
2044 2030 2454 2118 episcopum
2487 2030 2951 2109 Parmensem‚
2984 2030 3208 2099 silicet
3240 2031 3594 2099 dominum
3628 2030 4116 2121 Sagrsmorum

384 2136 472 2201 de
499 2135 889 2219 Ari-imino,
923 2157 1079 2204 com
1112 2158 1251 2226 quo
1281 2150 1476 2205 certa
1518 2137 1799 2226 negotia
1828 2150 2044 2204 status
2075 2137 2405 2205 conferre
2435 2136 2806 2215 asserebat,
2838 2138 2932 2203 ad
2962 2158 3170 2225 quem
3212 2137 3364 2224 ipse
3393 2137 3716 2205 dominus
3745 2137 4115 2227 episcopus

273 2239 344 2305 15
388 2261 547 2308 com
595 2244 819 2310 multa
865 2244 1197 2311 comitiva
1258 2243 1753 2310 canonicorum
1800 2258 1869 2310 et
1914 2245 2206 2310 aliorum
2268 2244 2830 2334 presbyterorum
2895 2243 3221 2322 accessit3
3287 2257 3357 2311 et
3418 2263 3576 2313 cum
3639 2244 3735 2315 ibi
3796 2243 3949 2322 fuit,
3997 2241 4116 2311 ubi

392 2350 682 2418 aderant
728 2351 945 2417 ceteri
978 2350 1321 2431 officiales,
1354 2351 1502 2438 ipse
1531 2332 1849 2418 dominus
1877 2351 2287 2437 Zampetrus
2316 2351 2609 2417 multum
2639 2350 2993 2439 redarguit
3037 2350 3264 2437 ipsum
3311 2351 3662 2421 dominum
3707 2350 4114 2438 episcopum

392 2457 725 2533 dicend0,
773 2459 963 2545 quod
1012 2459 1293 2526 favebat
1339 2458 1633 2524 inimicis
1679 2470 1893 2524 status
1939 2471 2008 2525 et
2053 2478 2183 2544 pro
2231 2459 2336 2522 eis
2382 2457 2865 2524 intercedebat
2910 2470 2981 2524 et
3027 2458 3215 2546 quod
3261 2470 3475 2525 status
3505 2458 3685 2524 male
3718 2479 3792 2523 se
3824 2469 4111 2527 conten-

396 2562 671 2629 tabatur
716 2565 809 2635 de
857 2585 944 2629 eo
991 2575 1064 2631 et
1106 2565 1300 2651 quod
1347 2577 1497 2632 erat
1538 2566 1849 2655 ingratus
1894 2576 1965 2630 et
2010 2562 2313 2632 habebat
2342 2562 2790 2653 presbyteros
2821 2563 3000 2633 male
3045 2564 3526 2654 morigeratos.
3617 2562 3767 2642 Qui
3798 2563 4117 2631 dominus

397 2671 769 2757 episcopus
834 2682 1171 2758 quantum
1216 2670 1436 2757 pontit
1494 2693 1570 2738 se
1618 2671 1993 2752 excusavit,
2053 2685 2296 2758 petens
2356 2670 2806 2757 punitionem,
2854 2670 2912 2737 si
2958 2683 3326 2739 erraverat.
3419 2671 3657 2739 Ceteri
3717 2668 4112 2759 presbyteri

278 2778 359 2841 20
398 2777 816 2844 affirmarunt
842 2800 919 2847 se
940 2797 1015 2844 se
1041 2779 1192 2844 fore
1221 2778 1632 2864 puniendos,
1658 2778 1714 2845 si
1737 2779 1813 2843 in
1838 2778 2070 2866 aliquo
2100 2776 2565 2856 fefielfissenn'
2598 2777 2778 2843 inter
2808 2798 2981 2865 quos
3011 2778 3150 2845 fuit
3179 2780 3402 2845 donus
3431 2775 3776 2847 Antonius
3806 2778 3892 2844 de
3917 2776 4116 2845 Colla

401 2885 777 2951 canonicus
822 2874 911 2951 de
955 2886 1259 2973 squadra
1304 2885 1724 2973 Corrigiensi
1756 2898 1827 2953 et
1856 2886 2081 2952 donus
2108 2884 2456 2953 Antonius
2484 2884 2814 2951 Banzolla
2859 2885 2948 2952 de
2981 2883 3299 2973 squa'dra
3331 2884 3574 2955 Sancti
3607 2885 3906 2964 vitame,
3939 2904 4112 2972 quos

398 2993 633 3060 ambos
675 2992 827 3079 ipse
871 2992 1198 3065 dominus
1241 2994 1650 3079 Zampetrus
1694 2993 1994 3061 detinuit
2034 3014 2176 3059 una
2220 3012 2376 3061 com
2420 2990 2727 3059 Deifiebo
2773 2991 3076 3070 Burallo,
3125 2993 3335 3059 etiam
3389 2993 3837 3081 Corrigiensk
3884 2991 4117 3061 Illario

405 3098 747 3189 Begarino
792 3099 881 3167 de
927 3110 1128 3185 parte
1175 3098 1415 3165 Sancti
1462 3098 1738 3166 Vitallis
1779 3111 1850 3165 et
1895 3096 2185 3165 Andrea
2232 3099 2321 3166 de
2368 3098 2570 3165 Colla
2600 3097 2817 3165 fratre
2850 3099 3026 3165 dicti
3059 3099 3225 3167 doni
3255 3098 3569 3190 Antonij,
3601 3120 3774 3188 quos
3806 3099 4114 3188 quinque

405 3219 604 3274 nocte
648 3218 900 3295 sequta
943 3205 1274 3273 associari
1320 3206 1495 3273 fecit
1539 3206 1615 3271 in
1663 3219 1890 3273 castro
1924 3203 2313 3283 Cremone3
2361 3206 2670 3295 dixitque
2719 3205 2906 3273 dicto
2952 3206 3233 3275 domino
3267 3207 3621 3293 episcopo,
3656 3207 3845 3295 quod
3889 3206 3962 3275 in
4005 3207 4118 3275 fu-

298 3312 367 3375 25
407 3327 623 3378 turum
669 3314 984 3380 studeret
1030 3312 1273 3379 melius
1319 3335 1393 3380 se
1441 3314 1831 3399 deportare,
1877 3335 2085 3401 quam
2131 3326 2339 3383 antea
2356 3338 2375 3390 ;
2426 3314 2516 3381 de
2561 3335 2699 3402 quo
2743 3315 3028 3380 multum
3077 3313 3447 3381 timuerunt
3492 3324 3631 3383 tres
3685 3314 3989 3401 squadse
4049 3327 4121 3380 et

406 3420 691 3484 maxime
742 3420 835 3487 de
878 3421 1189 3486 adventu
1230 3431 1334 3487 tot
1375 3419 1691 3508 gentium
1735 3432 1806 3487 et
1850 3420 1941 3487 de
1988 3419 2180 3488 dicta
2221 3419 2718 3507 detemptione.

570 3527 854 3596 Domini
914 3527 1175 3595 Veneti
1238 3526 1549 3615 colligati
1614 3546 1750 3594 con
1810 3539 1993 3595 statu
2054 3527 2446 3595 Mediolani
2515 3540 2587 3594 et
2632 3528 3214 3609 Florentinorum,
3275 3529 3412 3596 hoc
3470 3541 3782 3616 tempore
3843 3527 4117 3619 augusti

406 3635 767 3702 misserunt
790 3636 862 3700 in
886 3655 1056 3724 agro
1088 3634 1424 3701 Perusino
1447 3634 1588 3702 duo
1612 3634 1801 3701 mille
1827 3654 2042 3724 equos
2066 3634 2137 3700 in
2161 3654 2521 3702 sucursum
2547 3634 3102 3703 Florentinorum
3131 3631 3393 3702 ibidem
3417 3637 4121 3713 castramentantium‚

410 3764 490 3807 ex
535 3762 622 3807 eo
669 3743 837 3830 quia
881 3742 1095 3828 pestis
1139 3762 1390 3831 magna
1435 3740 1713 3830 vigebat
1756 3741 1834 3808 in
1880 3741 2124 3808 castris
2170 3742 2593 3810 marchionis
2654 3741 2968 3823 Mantue,
3018 3743 3138 3829 qui
3186 3744 3395 3812 etiam
3441 3762 3515 3810 se
3562 3743 3880 3814 febribus
3923 3744 4112 3810 infir-

299 3849 369 3911 30
405 3860 731 3926 maverat,
779 3846 1352 3935 deliberabatque
1398 3867 1473 3913 se
1520 3847 1780 3933 portari
1826 3847 2065 3915 facere
2110 3839 2422 3916 Mantue.

574 3953 1057 4020 Decimonono
1102 3954 1374 4041 augusti
1418 3952 1595 4019 dicti
1627 3953 1791 4019 anni
1831 3950 1997 4024 1479
2031 3953 2353 4020 dominus
2381 3953 2738 4021 Robertus
2786 3956 2874 4022 de
2923 3955 3183 4023 Sancto
3232 3955 3594 4034 Severino,
3640 3957 3760 4043 qui
3808 3976 3964 4023 com
3995 3977 4119 4026 suo

406 4060 720 4126 exercitu
768 4071 915 4127 erat
960 4060 1149 4145 apud
1193 4058 1499 4146 Burgum
1545 4058 1770 4124 Vallis
1813 4057 2116 4125 Taronis
2181 4079 2310 4147 per
2378 4059 2674 4126 miliaria
2720 4061 2882 4139 du0,
2953 4082 3027 4126 se
3077 4060 3334 4128 levavit
3388 4060 3764 4130 combustis
3830 4062 4115 4150 allogia-

406 4166 654 4231 mentis
678 4178 750 4231 et
779 4165 902 4231 ivit
933 4166 1010 4230 in
1039 4164 1246 4231 Valle
1279 4164 1512 4233 Sturii.
1604 4164 1937 4232 Dominus
1968 4165 2324 4253 Johannes
2352 4165 2660 4255 jacobus
2693 4167 2782 4234 de
2813 4166 3199 4246 TrivulciO,
3234 4167 3353 4254 qui
3387 4180 3536 4235 erat
3561 4167 3632 4238 in
3666 4167 3856 4236 dicto
3887 4169 4122 4255 Burgo

402 4293 530 4359 pro
576 4283 763 4338 statu
807 4271 1212 4349 Mediolani,
1257 4271 1433 4337 fecit
1461 4270 1899 4359 proclamari,
1933 4272 2126 4358 quod
2156 4292 2400 4340 omnes
2430 4271 2868 4353 Parmenses,
2902 4273 3020 4362 qui
3054 4286 3250 4340 erant
3285 4294 3443 4343 com
3478 4273 3766 4342 domino
3797 4274 4117 4346 Roberto

296 4378 365 4445 35
408 4378 730 4445 venirent
774 4380 868 4447 ad
914 4399 1090 4457 eum,
1138 4377 1387 4467 quibus
1431 4377 1722 4466 gratiam
1768 4378 1921 4444 fieri
1965 4379 2257 4448 faceret.

580 4486 900 4554 Recesso
936 4485 1266 4572 prefacto
1311 4485 1594 4552 domino
1641 4485 1959 4554 Roberto
1989 4508 2034 4552 a
2062 4486 2224 4554 loco
2256 4488 2601 4574 prefacto,
2635 4501 2882 4576 gentes
2915 4489 3223 4568 ducales,
3256 4510 3435 4577 quae
3470 4502 3669 4556 erant
3700 4491 3791 4560 ad
3822 4487 4125 4578 Burgum

407 4592 630 4659 Vallis
674 4592 997 4673 Taronis,
1044 4592 1565 4659 insurrexerunt
1612 4604 1857 4659 contra
1901 4593 2217 4660 homines
2260 4594 2528 4660 Decem
2573 4593 2935 4674 Villarum,
2983 4594 3104 4682 qui
3149 4595 3470 4664 faverant
3517 4607 3588 4661 et
3633 4595 3967 4670 victualia
3997 4596 4121 4668 de-

409 4700 659 4765 derant
688 4698 823 4784 ipsi
852 4698 1134 4765 domino
1166 4696 1503 4777 Robert0,
1538 4698 1707 4765 licet
1738 4698 1973 4766 forent
2004 4699 2097 4766 ad
2129 4698 2600 4770 obedientiam
2634 4700 2807 4767 dicti
2838 4700 3077 4788 Burgi.
3157 4699 3803 4772 Sacomanaverunt
3849 4722 4124 4790 quoque

408 4805 639 4872 omnia
668 4805 856 4872 bona
885 4805 1186 4891 ipsorum
1216 4804 1593 4884 hominum,
1621 4805 1874 4872 domos
1902 4805 2065 4892 igne
2098 4814 2741 4886 concremaverunt,
2776 4826 2860 4872 ac
2893 4805 3310 4886 dirruerunt,
3341 4807 3594 4874 multos
3623 4808 4126 4894 appenderunt,

286 4915 365 4977 40
410 4912 664 4978 multos
710 4931 989 4999 quoque
1017 4911 1275 5001 ligatos
1302 4911 1652 4979 duxerunt
1680 4910 2168 4979 Mediolanum
2201 4913 2565 4980 deviantes
2598 4934 2640 4979 a
2668 4913 2807 4980 fide
2840 4925 3034 4980 recta
3065 4913 3238 4980 dicti
3270 4924 3505 4982 status.
3594 4914 3824 4984 Multa
3854 4935 4128 5003 quoque

404 5018 822 5086 bestiamina
848 5019 1061 5085 ducta
1089 5031 1246 5085 sunt
1275 5018 1349 5084 in
1380 5017 1634 5084 Parma
1662 5037 1789 5105 per
1818 5019 2198 5108 armigeros
2227 5019 2640 5087 Parmenses
2674 5032 2901 5107 capta
2925 5021 2998 5086 in
3043 5020 3228 5087 dicta
3271 5022 3493 5107 preda
3526 5031 3596 5087 et
3625 5040 4018 5091 sacomano.

582 5125 719 5191 Die
760 5126 1097 5213 vigesimo
1142 5125 1351 5192 tertio
1398 5127 1670 5216 augusti
1714 5127 2074 5213 prefactus
2129 5126 2452 5195 dominus
2511 5127 2862 5194 Robertus
2908 5127 2999 5193 de
3046 5127 3307 5195 Sancto
3355 5127 3691 5196 Severino
3737 5129 4005 5217 fingens
4051 5140 4122 5196 et

409 5232 846 5299 demostrans
894 5231 1254 5319 aufugere,
1304 5243 1500 5299 recto
1546 5232 1823 5300 tramite
1870 5233 2142 5320 perexit
2184 5232 2611 5313 Terdonam,
2645 5233 2718 5299 in
2752 5255 2890 5320 qua
2934 5233 3418 5318 proditionem
3464 5231 3791 5313 habebat,
3825 5255 4120 5322 eamque

406 5340 600 5425 cepit
648 5351 721 5404 et
768 5358 924 5404 com
969 5336 1288 5425 gentibus
1333 5339 1474 5404 suis
1532 5329 1837 5419 intravit,
1884 5357 2024 5427 quo
2070 5339 2373 5406 intrante
2420 5340 2492 5405 in
2535 5339 2853 5417 meridie,
2899 5338 3031 5404 sibi
3091 5351 3332 5425 aperta
3376 5350 3582 5425 porta
3625 5340 3937 5407 citeriori
4000 5362 4129 5427 per

282 5443 361 5510 45
412 5443 793 5513 nonnullos
837 5444 1175 5531 capistros
1218 5444 1710 5512 Terdonenses
1750 5446 2050 5534 guelfus,
2099 5444 2422 5514 dominus
2468 5445 2860 5533 episcopus,
2911 5466 2993 5512 ac
3040 5446 3156 5535 alij
3208 5444 3534 5516 officiales
3580 5467 3734 5514 com
3783 5446 4132 5535 aliquibus

403 5551 681 5619 civibus
739 5551 930 5618 illico
976 5572 1051 5616 se
1096 5552 1521 5618 reduxerunt
1578 5552 1655 5617 in
1720 5551 2052 5620 citadella
2113 5565 2184 5619 et
2242 5573 2405 5618 arce
2452 5553 2640 5619 dicte
2705 5553 3024 5620 civitatiS.
3117 5551 3387 5618 Munite
3451 5565 3611 5620 sunt
3671 5565 3870 5639 porte
3934 5554 4125 5622 dicte

400 5659 703 5726 civitatis
750 5659 1030 5724 nomine
1078 5658 1341 5724 domini
1384 5658 1686 5727 Ruberti
1717 5680 1957 5727 secum
1989 5659 2311 5728 habentis
2340 5659 2536 5728 circa
2566 5679 2899 5746 personas
2932 5662 3070 5726 duo
3102 5659 3326 5736 mille3
3363 5659 3614 5746 quibus
3659 5661 3942 5728 munitis
3978 5662 4127 5747 ipse

396 5766 720 5835 dominus
768 5763 1129 5836 Robertus
1173 5786 1246 5832 se
1293 5766 1567 5833 reduxit
1610 5765 1688 5830 in
1732 5764 2078 5833 montibus
2120 5787 2329 5852 supra
2391 5778 2462 5832 et
2524 5786 2742 5852 prope
2791 5777 3089 5834 castrum
3136 5766 3202 5836 T
3205 5766 3492 5844 erdone,
3553 5788 3644 5834 ne
3705 5767 3839 5853 ipsi
3902 5780 4133 5835 castro

398 5886 631 5961 poaeet
673 5871 1022 5950 succurri,
1070 5882 1413 5958 temptans
1455 5871 1682 5960 ipsum
1727 5871 2011 5940 habere.
2106 5872 2424 5940 Obtinuit
2484 5892 2762 5960 quoque
2811 5884 3109 5941 castrum
3156 5872 3396 5940 Pontis
3457 5872 3734 5940 Corone
3781 5873 4047 5960 distans
4085 5897 4135 5941 a

286 5981 358 6046 50
390 5983 731 6053 Tei-dona
793 6000 933 6068 per
986 5978 1298 6067 quinque
1343 5978 1662 6057 miliaria,
1708 5979 1904 6067 quod
1948 5980 2122 6046 alias
2166 5980 2398 6048 fuerat
2438 6000 2675 6056 suum3
2740 6002 2900 6048 nam
2963 5980 3277 6046 homines
3325 5980 3540 6066 ipsius
3585 5979 3720 6050 loci
3769 5978 3944 6048 illud
3991 5980 4126 6049 sibi

4260 780 4456 822 απτ

4265 2797 4417 2841 Mun..
4449 2795 4537 2836 31⁶

4271 5159 4314 5192 C.
4345 5156 4469 5199 571!
