4895 7066
362 495 442 574 [Α
472 499 613 555 1481
652 492 893 568 sineno]
1497 481 1611 561 IN
1663 481 2176 561 PARTIBUS
2232 483 2866 562 LOMBARDIE
3882 485 4023 563 103

719 639 999 648 m-ms-
1016 639 1480 649 m--m-u-›fflffl-—n
1494 638 4031 651 -Wm---u--u—v--oq-onmm-unmmum-mu-—nfflffl-u-u-uu·own-umm--owa-'nw-mum-m-ae-„m---m-u-ummm-

365 775 501 844 gere
540 751 762 839 pestis,
810 751 902 818 de
951 773 1094 839 qua
1139 752 1275 840 ipsi
1320 752 1530 820 timidi
1589 770 1730 818 non
1791 764 1978 829 sunt3
2028 763 2327 818 attamen
2374 747 2466 816 ob
2512 750 2650 816 hoc
2694 750 2909 817 multa
2969 750 3221 818 damna
3262 752 3446 838 passi
3490 764 3668 834 sunt,
3719 765 3789 820 et
3831 753 4041 820 unica

364 872 585 927 tantum
628 880 715 924 ex
754 858 1243 925 meretricibus
1287 858 1680 945 supervixit.

507 965 895 1033 Undecimo
936 964 1105 1054 junij
1157 965 1619 1053 suprascripti,
1669 985 1826 1031 cum
1875 965 2153 1053 quidam
2200 965 2290 1032 de
2335 965 2724 1033 Monticulo
2771 964 3067 1052 capister-
3114 976 3183 1032 et
3229 964 3469 1033 devius
3514 965 3833 1034 intrasset
3868 967 4034 1034 civi-

358 1084 539 1139 tatem
580 1093 709 1158 per
752 1085 1026 1158 portam
1074 1072 1332 1140 Sancte
1378 1072 1641 1151 Crucis,
1691 1083 2000 1139 exstante
2060 1072 2208 1138 rixa
2266 1073 2444 1139 inter
2490 1073 2646 1139 illos
2706 1072 2794 1140 de
2857 1071 3148 1139 Plombo
3193 1084 3264 1140 et
3306 1072 3464 1139 illos
3525 1073 3614 1139 de
3660 1073 4036 1154 Musachis‚

264 1178 305 1245 5
356 1200 502 1246 unus
545 1202 632 1245 ex
675 1177 1058 1246 Mu'sachis
1105 1178 1389 1246 Galleaz
1430 1179 1707 1245 inermis
1751 1179 1995 1245 timens
2040 1178 2128 1246 ab
2175 1179 2581 1268 adversariis
2627 1179 2876 1258 occidi,
2940 1191 3207 1266 spetum
3269 1179 3457 1246 dicto
3504 1180 3592 1246 de
3646 1181 4034 1248 Monticulo

353 1300 576 1352 vocato
621 1285 944 1352 Salvator
989 1297 1059 1352 et
1103 1297 1465 1372 puteorum
1496 1286 1743 1363 fossor,
1778 1305 1933 1352 com
1963 1305 2100 1373 quo
2134 1286 2478 1353 civitatem
2523 1285 2916 1364 intraverat,
2964 1286 3236 1373 accepit
3268 1297 3338 1352 et
3367 1307 3441 1352 se
3476 1306 3633 1353 com
3666 1307 3751 1353 eo
3783 1288 4030 1354 defen-

352 1394 503 1458 dens
546 1392 756 1458 vitam
804 1391 1037 1459 evasit.
1129 1390 1241 1459 Ob
1288 1392 1474 1480 quod
1520 1392 1593 1457 hi
1621 1390 2114 1458 Plombei.irati
2146 1392 2364 1479 ipsum
2397 1392 2825 1459 Salvatorem
2857 1392 3286 1472 adhivemnt,
3319 1412 3403 1459 ac
3432 1392 3650 1460 inciso
3678 1394 3779 1459 illi
3811 1414 4034 1473 crure,

351 1521 485 1564 emn
528 1499 731 1564 morti
795 1499 1154 1566 dederunt.
1244 1499 1402 1566 Nec
1450 1510 1552 1565 est
1597 1520 1797 1565 ausus
1858 1500 2213 1587 quisquam
2260 1499 2564 1566 officialis
2609 1499 2877 1565 mittere
2926 1498 3017 1564 ad
3063 1499 3297 1577 rixam,
3364 1499 3509 1567 sive
3569 1500 4033 1580 homicidium,

350 1606 647 1692 quoniam
693 1618 981 1693 utraque
1026 1627 1188 1692 pars
1231 1604 1546 1672 habitans
1590 1605 1663 1671 in
1706 1605 1951 1692 Capite
1997 1603 2237 1671 Pontis
2279 1606 2352 1670 in
2397 1625 2650 1694 magno
2697 1625 2981 1672 numero
3025 1625 3101 1672 se
3146 1619 3549 1673 armaverat.

219 1713 307 1777 10
504 1712 585 1777 In
633 1712 749 1780 die
795 1711 1273 1779 Asscensionis
1315 1712 1592 1779 Domini
1640 1712 1799 1777 anni
1842 1712 2180 1798 presentis
2227 1712 2615 1778 ordinatum
2662 1724 2808 1778 erat
2850 1711 3202 1779 Florentie
3262 1713 3744 1780 tradimentum
3792 1726 4034 1782 contra

343 1817 773 1885 Laurentium
821 1818 911 1885 de
977 1819 1277 1885 Medicis
1336 1818 1516 1885 illius
1575 1817 1764 1885 urbis
1823 1817 2236 1906 primarium,
2298 1818 2520 1904 ipsum
2582 1818 2654 1883 in
2717 1817 3141 1885 solemnitate
3188 1819 3356 1885 dicti
3417 1820 3578 1886 festi
3640 1821 4033 1906 occidendi,

342 1925 906 2012 quemadmodum
948 1926 1174 1992 fuerat
1218 1925 1485 1991 occisus
1531 1924 1865 2012 Jullianus
1894 1925 2110 1990 frater
2142 1924 2285 1990 eius
2315 1924 2388 1990 in
2421 1924 2681 1992 Sancta
2709 1924 3037 1991 Liberata
3067 1944 3250 1991 anno
3283 1945 3484 1992 curso
3525 1925 3689 1999 1477
3727 1939 3797 1993 et
3826 1927 4027 1993 datur

344 2031 535 2118 culpa
581 2032 817 2098 comiti
854 2031 1207 2121 Jeronimo
1236 2032 1473 2119 nepoti
1503 2031 1743 2098 summi
1774 2031 2138 2119 pontificis.
2231 2030 2344 2098 Ob
2376 2030 2565 2119 quod
2594 2031 2786 2097 multi
2821 2033 3099 2098 fuerunt
3131 2032 3336 2119 capti,
3368 2033 3484 2121 qui
3516 2047 3713 2101 erant
3743 2033 4034 2102 Floren-

339 2138 469 2218 tini,
515 2151 588 2206 et
632 2151 931 2226 quatuor
974 2140 1341 2206 inmediate
1389 2139 1676 2226 appensi
1720 2151 1895 2206 sunt.

216 2245 296 2312 15
336 2293 343 2302 .
497 2246 633 2312 Die
682 2246 887 2313 tertio
934 2245 1207 2313 decimo
1266 2245 1434 2337 junij
1502 2247 1944 2333 suprascripti
2006 2245 2321 2313 dominus
2351 2246 2919 2340 ’refferendarius
2963 2245 3210 2313 Parme
3258 2246 3347 2314 de
3404 2247 3732 2316 mandato
3779 2247 4037 2317 ducalli

333 2353 551 2440 posuit
598 2353 925 2421 comitem
970 2352 1325 2421 Gibertum
1371 2353 1460 2419 de
1508 2352 1768 2431 Sancto
1812 2353 2052 2420 Vitalli
2100 2354 2192 2420 ad
2236 2354 2738 2440 possessionem
2798 2353 2960 2421 ville
3024 2353 3142 2421 del
3202 2354 3607 2423 Castellario
3651 2356 3849 2443 rippe
3896 2354 4033 2422 Ba-

331 2461 576 2549 gantie,
627 2482 835 2548 quam
881 2462 1043 2527 emit
1088 2482 1130 2526 a
1175 2460 1429 2526 ducalli
1462 2479 1738 2526 camera
1780 2479 1909 2547 pro
1956 2460 2224 2526 ducatis
2254 2473 2798 2547 septemcentum
2831 2461 2998 2527 auri.
3088 2461 3180 2527 Et
3223 2461 3360 2528 hoc
3392 2461 3552 2549 quia
3578 2462 3765 2529 idem
3797 2481 4031 2529 comes

330 2566 624 2633 habebat
667 2567 957 2656 litigium
1003 2587 1160 2633 com
1204 2565 1589 2633 hominibus
1634 2566 1820 2633 dicte
1866 2566 2027 2632 ville
2072 2586 2201 2653 pro
2248 2587 2428 2655 aqua
2472 2563 2806 2656 Bagantie
2855 2579 2925 2634 et
2970 2566 3131 2654 quia
3189 2579 3345 2634 sunt
3404 2567 3639 2635 devoti
3702 2580 3772 2634 et
3832 2568 4034 2634 amici

334 2675 675 2763 magnifici
723 2673 982 2741 domini
1026 2671 1426 2741 Petrimarie
1471 2672 1726 2742 Rubei.
1818 2671 1938 2739 Ad
1982 2674 2172 2761 quod
2216 2673 2531 2742 homines
2559 2674 2949 2741 nolluerunt
2993 2674 3342 2755 assentire,
3389 2675 3514 2742 sed
3558 2675 3918 2742 misserunt
3948 2674 4040 2746 ad

205 2783 291 2848 20
328 2780 712 2869 principem
757 2783 830 2848 in
876 2781 1287 2869 oppositum.

496 2888 859 2977 Vigesimo
899 2888 1067 2980 junij
1114 2888 1516 2976 magnificus
1561 2908 1795 2956 comes
1839 2887 2211 2955 Marsillius
2255 2883 2578 2955 Torellus
2607 2888 2992 2956 Parmensis
3025 2902 3357 2978 cognatus
3388 2889 3646 2957 domini
3674 2888 4034 2978 Baptistini

328 2997 412 3062 de
455 2995 1063 3084 Campofrugosio,
1110 2995 1386 3062 discesit
1431 2994 1519 3062 ab
1567 2995 1969 3082 episcopatu
2011 2995 2258 3062 Parme
2308 3016 2462 3062 com
2510 2995 2884 3083 quingintis
2926 2996 3292 3083 peditibus,
3338 3010 3413 3063 ut
3456 2997 3587 3064 iret
3628 2997 3703 3063 in
3746 2997 4037 3083 Riparia

324 3105 539 3193 Janue
588 3103 683 3169 ad
728 3103 1119 3183 Clavarum,
1163 3100 1282 3168 ubi
1326 3102 1503 3168 inter
1549 3102 1767 3188 ipsum
1814 3102 2061 3168 ducem
2123 3115 2194 3169 et
2254 3103 2605 3168 dominum
2651 3101 3038 3182 Obiectum,
3101 3124 3185 3170 ac
3239 3104 3624 3192 Johannem
3687 3103 4037 3172 Lovisium

324 3212 406 3277 de
430 3209 669 3277 Flisco
695 3223 841 3276 erat
871 3208 1341 3276 controversia
1369 3209 1633 3298 ingens,
1661 3209 1842 3275 viam
1866 3222 1935 3276 et
1964 3209 2094 3276 iter
2126 3209 2467 3297 dirrigens
2496 3230 2624 3296 per
2651 3221 2919 3275 montes
2947 3209 3322 3276 Terrarum
3352 3209 3649 3277 Militum
3681 3222 3752 3277 et
3782 3209 4034 3276 deinde

200 3316 279 3386 25
324 3320 409 3384 ad
455 3317 814 3404 Spediam.
903 3316 1158 3384 Postea
1200 3315 1436 3382 habita
1480 3328 1636 3383 sunt
1680 3336 1882 3394 nova,
1930 3316 2116 3404 quod
2162 3337 2401 3383 omnes
2443 3314 2870 3383 intraverunt
2915 3316 3224 3404 Januam.

488 3425 654 3491 Hoc
702 3437 1012 3510 tempore
1065 3423 1196 3489 fuit
1238 3423 1569 3489 maximus
1617 3424 1974 3502 conflictus
2017 3444 2236 3509 penes
2280 3423 2649 3490 Clavarum
2680 3422 2858 3489 inter
2888 3422 3044 3489 illos
3074 3423 3164 3490 de
3197 3424 3428 3491 Flisco
3460 3424 3685 3493 dictos
3727 3427 3758 3461 ‘⁶
3784 3423 3830 3488 li
3862 3424 4031 3491 Gat-

321 3533 535 3600 teschi
564 3581 598 3614 „
657 3545 731 3599 et
776 3531 1125 3599 dominum
1169 3529 1624 3617 Baptistinum
1672 3530 1762 3597 de
1808 3529 2386 3620 Campofrugosio
2436 3530 2708 3610 ducem,
2744 3530 2859 3618 qui
2891 3543 3097 3597 antea
3143 3530 3492 3599 coniuncti
3541 3544 3755 3599 erant.
3849 3531 4035 3597 Nam

320 3641 478 3705 dum
525 3637 846 3727 Frugosij
894 3637 1129 3705 velent
1172 3657 1426 3724 capere
1474 3637 1842 3706 Clavarum
1889 3649 1958 3704 et
2000 3635 2141 3724 jam
2203 3648 2430 3703 essent
2474 3637 2547 3702 in
2593 3636 2837 3726 burgo,
2886 3637 3198 3704 dominus
3255 3637 3586 3705 Obiectus
3644 3638 3916 3704 latitans
3960 3638 4033 3703 in

321 3747 623 3834 quodam
668 3765 954 3811 nemore
1003 3765 1156 3811 com
1199 3744 1427 3811 multis
1472 3743 1609 3810 suis
1653 3743 2061 3832 sequacibus
2123 3743 2287 3831 exijt
2333 3756 2405 3809 et
2451 3742 2758 3811 similiter
2815 3744 3182 3811 existentes
3225 3745 3298 3810 in
3344 3757 3594 3824 castre,
3643 3744 3741 3811 sic
3789 3744 4033 3811 ordine

198 3855 279 3918 30
320 3854 504 3919 dato,
599 3852 694 3918 Et
738 3851 865 3921 hos
908 3850 1179 3938 pedites
1226 3850 1422 3941 dulcis
1470 3850 1842 3917 credentes
1886 3872 2031 3916 rem
2079 3850 2152 3916 in
2197 3862 2372 3916 tutto
2401 3849 2685 3928 habere,
2717 3852 2898 3917 male
2945 3861 3413 3919 tractaverunt
3444 3863 3512 3916 et
3541 3852 3612 3916 in
3644 3850 3874 3916 medio
3903 3870 4032 3937 po—

319 3970 603 4026 suerunt
615 3982 636 4036 ;
685 3956 930 4046 quibus
974 3957 1175 4024 victis
1220 3970 1290 4024 et
1338 3957 1490 4023 fere
1538 3955 1855 4025 omnibus
1899 3956 2249 4035 truncatis,
2295 3956 2482 4023 idem
2530 3956 2844 4023 dominus
2888 3955 3221 4025 Obiectus
3282 3957 3567 4023 discutit
3608 3978 3736 4043 per
3781 3956 4033 4049 vallem

325 4067 535 4133 Sturli
585 4064 690 4132 et'
742 4064 1000 4131 amicos
1043 4064 1507 4153 Frugosorum
1553 4063 2017 4130 sacomanavit
2050 4076 2119 4129 et
2147 4063 2310 4151 igne
2358 4063 2603 4131 domos
2634 4083 2869 4130 eorum
2898 4063 3229 4131 incendit.
3306 4065 3517 4133 Unde
3548 4062 3816 4152 utrique
3847 4062 4026 4150 parti

321 4174 533 4241 multa
583 4172 862 4239 auxillia
902 4184 1295 4258 prestantur
1342 4171 1827 4239 diversimode.

489 4278 853 4368 Vigesimo
897 4278 1119 4365 primo
1163 4277 1329 4369 junij
1375 4277 1475 4344 illi
1521 4277 1637 4344 del
1667 4277 2099 4357 Castellario,
2147 4277 2264 4365 qui
2309 4276 2724 4345 recusabant
2767 4299 3015 4365 parere
3064 4277 3295 4344 comiti
3326 4276 3618 4344 Giberto
3650 4277 3739 4343 de
3773 4277 4036 4345 Sancto

196 4386 276 4453 35
323 4387 585 4465 Vitam,
620 4385 733 4452 cui
763 4406 1038 4452 camera
1083 4405 1203 4452 eos
1247 4383 1679 4463 vendiderat,
1710 4386 2107 4475 juraverunt
2154 4385 2344 4451 dicto
2394 4384 2625 4451 comiti
2671 4385 3068 4451 fidelitatem
3099 4384 3172 4450 in
3199 4385 3471 4463 Parma,
3518 4384 3618 4451 sic
3660 4382 4032 4450 mandante

320 4494 775 4561 illustrissimo
821 4491 1100 4559 domino
1145 4503 1403 4560 nostro.

494 4600 855 4688 Vigesimo
901 4599 1103 4665 tertio
1144 4598 1316 4689 junij
1368 4600 1785 4691 tractusfuit
1816 4599 2136 4667 deorsum
2166 4621 2210 4666 a
2239 4598 2404 4666 turri
2454 4598 2748 4665 ecclesie
2793 4599 3069 4667 maioris
3113 4598 3360 4666 Parme
3409 4619 3791 4685 campanna
3835 4608 4035 4683 rupta
4143 4659 4150 4665 .

318 4707 389 4773 in
415 4720 644 4774 morte
674 4705 1012 4793 Desiderij
1040 4705 1129 4772 de
1155 4706 1426 4774 Grossis
1457 4719 1851 4794 nuncupata
1889 4711 1921 4744 ‘⁴
1949 4707 2014 4773 el
2043 4708 2333 4797 Bayono
2360 4754 2420 4788 „,
2453 4718 2527 4772 ut
2556 4706 2921 4772 refficiatur
2948 4727 3077 4793 per
3107 4707 3468 4795 quemdam
3498 4705 4033 4795 Franzigenam3

321 4828 388 4881 et
435 4827 543 4882 est
589 4813 962 4880 altitudinis
1020 4812 1456 4880 brachiorum
1502 4814 1701 4880 trium
1747 4825 1817 4880 et
1861 4813 2234 4881 latitudinis
2293 4813 2362 4879 in
2410 4813 2631 4880 fondo
2691 4811 3130 4880 brachiorum
3190 4826 3474 4900 septem,
3523 4813 3715 4879 cuius
3776 4810 4036 4878 sonitus

198 4923 280 4987 40
320 4935 467 4987 erat
517 4920 941 4987 conveniens
985 4918 1211 5007 letitijs
1256 4931 1327 4986 et
1368 4919 1714 5009 mestitijs3
1736 4950 1743 4960 ·
1764 4931 1834 4986 et
1877 4938 2006 5006 pro
2053 4919 2238 4985 omni
2283 4919 2464 5000 vice,
2510 4939 2648 5009 qua
2709 4917 2997 4986 sonabat
3055 4938 3182 5006 pro
3227 4918 3530 4998 mortuis,
3593 4915 4033 4984 solvebantur

319 5029 512 5095 clero
564 5025 736 5094 libre
785 5027 1053 5094 decem.

494 5135 633 5202 Die
676 5156 832 5202 m.
860 5133 1026 5222 junij
1074 5147 1412 5202 venerunt
1456 5154 1640 5201 nova
1682 5134 1950 5214 Parme,
1984 5133 2302 5222 qualliter
2332 5133 2537 5200 fillius
2566 5133 2831 5200 Turchi
2877 5132 3453 5221 secondogenitus
3497 5131 3886 5199 obtinuerat
3927 5144 4036 5200 to·

318 5257 459 5311 tum
508 5242 884 5309 dominium
927 5241 1142 5329 patris
1184 5253 1255 5308 et
1300 5241 1491 5328 quod
1537 5253 1685 5308 erat
1728 5241 1926 5327 peior
1969 5253 2189 5328 patre,
2252 5242 2580 5329 quodque
2623 5240 3002 5327 reperierat
3047 5240 3118 5306 in
3167 5239 3388 5305 erario
3419 5239 3632 5326 patris
3676 5239 4032 5327 sexaginta

314 5352 506 5417 mille
555 5348 871 5416 milliaria
913 5370 1299 5430 aureorum,
1348 5360 1419 5414 et
1464 5348 1651 5436 quod
1694 5347 1961 5414 Turchi
1993 5348 2321 5435 Galluppi
2354 5324 2723 5414 existentes
2766 5348 2839 5412 in
2883 5345 3483 5432 Constantinopoli
3512 5344 3900 5431 posue'rant
3929 5344 4034 5411 ad'

202 5456 273 5523 45
316 5477 763 5524 sacomanum
808 5455 1243 5543 septuaginta
1271 5455 1515 5521 domos
1533 5454 1909 5543 Judeorum
1942 5467 2010 5522 et
2041 5475 2279 5524 omnes
2321 5464 2740 5521 mercatores
2783 5453 3092 5520 Venetos
3139 5464 3208 5519 et
3252 5451 3692 5520 Florentinos
3737 5452 4034 5518 existen-

319 5577 425 5631 tes
469 5561 1124 5649 Constantinopolli,
1179 5581 1468 5649 quorum
1528 5560 1720 5627 multi
1782 5572 1977 5627 erant
2023 5561 2269 5628 divites
2315 5559 2537 5627 aureis
2584 5572 2858 5627 centum
2920 5559 3278 5648 sexaginta
3320 5556 3635 5626 millibus.
3726 5557 3820 5624 Et
3865 5557 4032 5645 quia

308 5692 442 5738 rex
486 5670 975 5739 Ferdinandus
1006 5680 1228 5735 castra
1256 5667 1483 5755 posuit
1513 5667 1797 5735 Idronto
1828 5666 2124 5754 Apullee
2173 5688 2216 5734 a
2243 5667 2543 5734 Turchis
2586 5665 2933 5746 obscesso,
2965 5666 3038 5732 in
3069 5664 3427 5733 obsidione
3476 5664 3667 5732 cuius
3713 5686 3840 5731 rex
3879 5664 4030 5751 ipse

316 5780 668 5868 ingentem
716 5776 1099 5845 exercitum
1131 5788 1641 5862 preparaverat,
1671 5774 1860 5841 idem
1890 5774 2095 5841 fillius
2138 5774 2401 5841 Turchi
2432 5773 2647 5840 missit
2678 5774 2769 5840 ad
2800 5795 3119 5860 reparum
3169 5774 3412 5839 decem
3457 5770 3644 5838 mille
3688 5771 4027 5837 Turchos.

491 5885 620 5952 Die
663 5883 905 5974 xxviij.
952 5882 1122 5972 junij
1170 5882 1345 5949 hora
1401 5881 1623 5969 prima
1682 5881 1907 5948 noctis
1954 5901 2110 5948 cum
2156 5893 2335 5948 esset
2395 5880 2790 5947 differentia
2833 5880 3015 5947 inter
3059 5878 3437 5946 Antonium
3482 5878 3572 5945 de
3620 5876 4035 5945 Observario

207 5991 280 6059 50
322 6003 389 6061 et
428 6006 718 6061 matrem
766 6009 903 6077 pro
949 5988 1159 6056 docte
1190 6010 1330 6068 sua,
1366 5988 1477 6055 cui
1506 5988 1706 6055 matri
1736 5987 2073 6055 Deifebus
2102 6009 2276 6054 unus
2306 6007 2391 6055 ex
2419 5987 2582 6075 filijs
2627 5984 2932 6064 favebat,
2979 5987 3241 6053 vadens
3272 5985 3552 6051 domum
3581 6005 3623 6052 a
3652 5984 3870 6051 fratre
3916 6002 4040 6051 suo

4175 4081 4335 4132 uua..
4363 4077 4449 4124 376
