4895 7066
325 486 663 559 [nu-1⁹
694 446 1196 559 „flamma
1486 474 1600 550 IN
1652 471 2169 548 PARTfflus
2218 470 2856 547 LomARDOE
3917 468 4018 547 ts

312 633 533 643 —--——.-

764 632 977 639 F-m--
984 631 1305 639 *numm-mun«
1318 631 1351 638 vu
1367 629 2071 638 „mm-..Wum-o---au-w-W-um
2077 624 3642 639 mmm—‹wm-mma-...--ffl·-m-·-me--0-„um-ffl

290 741 593 830 quidem
637 742 963 815 dominiis
992 742 1367 867 :lohannes
1406 761 1643 811 comes
1682 761 1932 829 parere
1978 738 2249 820 nolluit,
2288 760 2371 808 se
2410 759 2779 819 excusans,
2819 758 2962 815 non
3005 738 3278 809 inferre
3333 720 3621 828 gueram
3681 734 4022 825 pontifici,

286 850 425 917 sed
473 860 745 917 tantum
791 870 944 919 esse
987 849 1063 916 in
1110 848 1522 919 defensione
1566 847 1709 936 lige
1754 857 1829 915 et
1872 848 2064 936 quod
2107 848 2314 917 stanti
2372 845 2764 915 Mediolani
2825 844 3263 935 obligabatur
3318 863 3450 932 per
3507 842 3820 913 bienium
3874 842 4022 932 jam

286 956 659 1043 stipendio
702 955 1093 1044 prehabito,
1138 978 1183 1025 a
1225 976 1369 1044 quo
1410 955 1803 1025 nullatenus
1847 954 2219 1023 discedere
2262 963 2572 1041 poterat3
2617 954 2946 1043 quodque
2994 954 3296 1021 existens
3337 952 3432 1023 ad
3473 949 3822 1038 stipendia
3852 948 4024 1017 dicti

284 1063 674 1149 pontificis,
722 1083 877 1131 com
922 1064 1205 1132 licentia
1247 1062 1465 1150 ipsius
1507 1073 1581 1130 et
1623 1062 1899 1152 collegii
1964 1060 2443 1140 cardinalium,
2493 1059 2844 1148 completa
2886 1060 3035 1127 eius
3095 1060 3318 1139 firma,
3359 1056 3678 1127 discessit
3736 1068 3810 1125 et
3866 1077 4025 1125 com

192 1166 234 1234 5
286 1190 545 1237 eorum
592 1170 1065 1258 beneplacito,
1109 1169 1645 1257 participatione
1694 1179 1766 1237 et
1813 1187 2157 1237 consensu
2200 1188 2277 1235 se
2322 1167 2625 1237 firmavit
2669 1164 2863 1234 cum'
2909 1166 3106 1235 dicto
3148 1177 3360 1245 statm
3409 1185 3542 1233 nec
3586 1163 3833 1252 potuit,
3881 1181 4016 1230 nec

283 1286 529 1362 potest
574 1277 1081 1365 comprehendi
1139 1277 1293 1364 ipse
1349 1278 1425 1343 in
1486 1276 1677 1345 edito
1736 1274 2053 1365 generali
2111 1271 2548 1343 subditorum
2605 1293 2882 1341 suorum
2945 1274 3040 1341 ad
3096 1272 3331 1341 aliena
3373 1272 3684 1353 servitia,
3724 1272 4024 1338 maxime

286 1383 493 1451 dicte
566 1384 738 1475 lige,
806 1383 1271 1463 existentium,
1340 1381 1605 1453 reverti
1679 1383 1773 1455 ad
1838 1380 2126 1468 propria
2183 1379 2607 1449 debentium.
2699 1380 3054 1469 Quodque
3113 1380 3286 1468 ipse,
3350 1398 3485 1447 nec
3543 1379 3857 1447 antenati
3913 1378 4023 1444 sui

288 1510 613 1576 unquam
662 1492 1289 1579 degeneraverunt,
1334 1510 1467 1558 nec
1512 1489 1721 1557 fidem
1751 1488 1959 1555 alicui
1990 1487 2453 1566 violaverunt3
2487 1489 2686 1576 sique
2715 1487 2870 1575 ipse
2909 1486 3236 1573 pontifex
3281 1495 3527 1555 contra
3569 1504 3729 1553 eum
3759 1484 4026 1573 aliquid

288 1608 751 1683 attemptaret
779 1599 854 1664 in
899 1598 1315 1665 eminendo
1360 1596 1426 1665 ei
1471 1607 1701 1667 castra
1743 1617 1888 1675 sua,
1935 1595 2127 1683 quod
2172 1593 2325 1662 eius
2366 1594 2444 1663 in
2487 1595 2894 1681 pontificatu
2937 1613 3300 1661 accessor
3339 1613 3425 1659 ea
3467 1591 3567 1659 illi
3609 1591 4025 1661 restitueret.

164 1704 245 1769 10
475 1704 811 1792 Dumque
852 1706 993 1771 hoc
1038 1715 1349 1792 tempore
1379 1715 1452 1773 et
1480 1703 1671 1769 circa
1714 1698 2055 1770 medium'
2100 1700 2373 1788 aprillis
2415 1701 2554 1767 hec
2585 1701 2856 1781 fierent,
2886 1698 3280 1768 Florentini
3308 1709 3749 1769 armaverunt
3775 1697 4024 1765 multas

290 1810 573 1897 galleas
618 1809 695 1877 in
724 1810 945 1878 Portu
974 1810 1229 1878 Pisano
1261 1810 1353 1877 ad
1385 1808 1815 1877 obstaculum
1859 1807 2238 1897 gallearum
2283 1805 2458 1875 dicti
2500 1806 2693 1897 regis
2721 1817 2794 1873 et
2823 1825 2914 1874 ne
2945 1805 3139 1875 dicto
3185 1804 3470 1875 domino
3513 1802 3837 1873 Ruberto
3866 1823 4023 1871 suc-

290 1934 615 1996 currere,
660 1927 781 1985 aut
822 1916 1155 1984 victualia
1209 1915 1506 2003 prebere
1551 1925 1872 2002 possent3
1920 1924 1990 1980 et
2050 1913 2219 1981 dum
2277 1912 2584 2001 quedam
2644 1932 2856 1981 naves
2912 1911 3262 2001 appellate
3325 1910 3589 2001 sayetie
3652 1931 3746 1976 ex
3794 1909 4028 1977 Plom-

292 2021 469 2090 bino
531 2023 638 2091 ibi
696 2045 921 2111 prope
983 2023 1220 2093 littora
1276 2023 1485 2091 maris
1544 2021 1783 2093 Pisani
1841 2020 2256 2111 navigarent
2315 2031 2562 2089 onuste
2621 2018 2994 2110 victualiis,
3039 2030 3245 2106 capte
3289 2029 3450 2087 sunt
3494 2018 3632 2087 due
3685 2038 3775 2085 ex
3818 2016 4029 2085 dictis

290 2129 606 2197 navibus
650 2153 695 2196 a
740 2130 1159 2199 Florentinis
1202 2142 1444 2198 onuste
1505 2129 1715 2209 sellis,
1776 2128 1982 2197 ferris
2040 2137 2111 2196 et
2162 2126 2468 2196 chioldia
2509 2126 2606 2195 ab
2649 2126 2850 2216 equis
2892 2137 2962 2194 et
3006 2126 3160 2217 aliis
3204 2124 3542 2199 similibus
3602 2125 3678 2195 in
3724 2124 4026 2193 maximo

166 2234 241 2301 15
290 2237 565 2309 damno
610 2238 791 2305 dicti
835 2237 1107 2306 domini
1152 2237 1474 2307 Roberti.

478 2345 643 2412 Hoc
689 2344 899 2413 etiam
942 2356 1261 2432 tempore
1301 2344 1545 2411 misem
1588 2344 1724 2411 fuit
1766 2363 1895 2432 per
1937 2343 2194 2415 dictam
2228 2341 2437 2431 ligem
2470 2342 2848 2433 magnifico
2878 2341 3158 2415 domino
3186 2340 3504 2411 Roberto
3534 2339 3625 2408 de
3668 2337 4028 2409 Ari-imino

291 2451 391 2519 ad
437 2452 581 2521 hec
626 2451 982 2539 stipendia
1024 2452 1370 2519 conducto
1414 2450 1707 2519 baculus
1748 2450 2229 2537 capitaneatus
2288 2450 2359 2517 in
2421 2448 2736 2536 partibus
2793 2448 3263 2519 Romandiole
3324 2457 3397 2515 et
3451 2458 3532 2515 ut
3574 2446 3839 2519 ibidem
3885 2446 4026 2513 Ec·

291 2559 520 2626 clesie
584 2579 870 2649 gueram
932 2559 1212 2638 inseret,
1274 2579 1415 2648 quo
1476 2558 1689 2625 etiam
1748 2559 2113 2644 profectus
2172 2568 2280 2625 est
2337 2576 2579 2625 comes
2658 2556 2977 2625 Carollus
3048 2555 3142 2626 de
3209 2554 3552 2624 Montono
3622 2552 4029 2640 capitaneus

304 2667 756 2735 Venetorum
803 2678 874 2735 et
916 2678 993 2733 ut
1038 2678 1256 2737 terras
1314 2686 1493 2745 suas,
1555 2665 1808 2754 quibus
1868 2664 1958 2733 ab
2002 2664 2321 2732 Ecclesia
2365 2663 2682 2752 privatus
2727 2664 2980 2744 fuerat,
3049 2663 3444 2743 redimeret,
3488 2659 3776 2731 brachio
3843 2659 4028 2729 dicte

152 2776 245 2839 20
290 2773 462 2863 lige.
558 2773 655 2840 Et
700 2773 1140 2841 nihilominus
1180 2774 1292 2840 his
1335 2775 1439 2840 sic
1488 2771 1941 2851 exstantibus,
1986 2772 2063 2839 in
2109 2771 2343 2841 Roma
2387 2772 2480 2839 de
2524 2769 2896 2839 universali
2940 2791 3118 2857 pace
3161 2768 3361 2839 Italic
3404 2766 3849 2839 tractabam.

481 2879 603 2947 Ob
648 2879 841 2968 qnod
885 2879 1147 2949 editum
1194 2879 1442 2945 summi
1503 2877 1852 2966 pontificis
1914 2878 2235 2945 dominus
2293 2874 2598 2965 jacobus
2663 2875 3078 2945 Bonarellus
3135 2875 3208 2941 in
3265 2872 3522 2943 Parma
3579 2873 4028 2963 gubernator,

292 3007 386 3051 ne
439 2984 632 3053 bona
674 3006 822 3065 sua,
868 3007 1007 3073 que
1052 2983 1390 3055 notabilia
1433 2983 1740 3055 habebat
1782 2984 1857 3050 in
1902 2981 2271 3062 Anchona,
2303 2983 2848 3052 confiscarentur
2876 3003 3150 3051 camere
3180 2980 3638 3069 appostolice,
3677 2979 4030 3049 licentiam

290 3090 509 3179 petijt
554 3091 629 3157 in
672 3091 970 3177 patriam
1014 3091 1376 3159 remeandi
1418 3090 1511 3159 ab
1554 3088 2037 3159 illustrissimis
2080 3088 2380 3159 dominis
2420 3087 2716 3157 ducibus
2743 3087 3158 3169 Mediolani,
3189 3088 3312 3178 qui
3339 3087 3523 3156 male
3552 3086 3874 3166 libenter,
3902 3086 4031 3161 sed

297 3198 619 3277 cohacti,
664 3197 861 3264 illam
905 3195 1038 3265 sibi
1081 3209 1591 3267 concesserunt.

162 3303 249 3370 25
486 3304 857 3395 vigesimo
901 3304 1196 3392 septimo
1239 3304 1508 3391 api-illis
1544 3304 1712 3376 1479
1745 3303 2151 3393 magnificus
2198 3303 2517 3371 dominus
2535 3300 2840 3391 jacobus
2866 3302 3278 3375 Bonarellua
3303 3300 3733 3395 gubernator
3773 3300 4028 3369 Parme

294 3412 377 3477 in
424 3430 638 3480 mane
682 3411 1062 3479 associatus
1107 3422 1387 3478 centum
1430 3410 1801 3498 peditibus,
1832 3422 1904 3479 et
1933 3409 2299 3500 sexaginta
2327 3408 2750 3479 notabilibus
2795 3409 3064 3479 civibus
3107 3409 3549 3497 equestribus
3592 3407 3683 3476 de
3727 3407 4032 3496 squadra

295 3518 586 3599 Rubea,
631 3519 926 3589 recessit
968 3540 1013 3587 a
1055 3518 1339 3590 civitate
1379 3516 1633 3587 Parme
1679 3539 1840 3587 com
1884 3517 2119 3588 sonitu
2164 3517 2484 3588 tubarum
2530 3528 2604 3586 et
2647 3517 3041 3597 tamborini,
3105 3516 3425 3588 omnibus
3480 3515 3910 3595 videntibus3
3958 3526 4032 3584 et

298 3627 533 3694 exivit
576 3648 709 3713 per
751 3637 1025 3713 portam
1069 3626 1413 3706 Bononie,
1445 3624 1706 3714 ivitque
1737 3625 2128 3706 Bersillum,
2172 3625 2294 3693 ubi
2342 3647 2591 3694 navem
2635 3636 3079 3713 preparatam
3123 3624 3449 3696 ascendit
3475 3624 3872 3712 navigando
3902 3642 4034 3709 per

296 3733 605 3812 Padum,
650 3745 728 3800 ut
772 3733 845 3799 in
889 3733 1179 3820 patriam
1241 3744 1703 3802 reverteretur
1716 3757 1736 3812 ;
1807 3733 2329 3822 honorificeque
2389 3732 2738 3813 discessit,
2797 3753 2932 3801 nec
2991 3733 3086 3802 ad
3132 3753 3290 3801 eum
3350 3731 3835 3800 associandum
3892 3729 4034 3798 fuit

176 3841 259 3906 30
302 3842 564 3928 aliquis
607 3840 700 3907 de
744 3838 967 3908 tribus
1009 3839 1350 3927 squadris,
1397 3839 1516 3927 qui
1564 3840 1659 3907 de
1705 3839 1899 3908 dicto
1943 3858 2222 3908 recessu
2267 3839 2728 3929 congratulati
2772 3849 2953 3924 sunt,
2984 3837 3219 3907 Rubei
3262 3858 3434 3908 vero
3478 3837 3758 3910 tristati.

486 3947 629 4014 Die
677 3948 762 4013 28
810 3945 1077 4032 apr-illis
1116 3945 1427 4014 Michael
1471 3945 1762 4026 Batalia,
1810 3946 1931 4034 qui
1977 3967 2136 4015 cum
2198 3960 2478 4015 centum
2524 3946 2886 4036 armigeris
2928 3945 3198 4015 ducalis
3243 3945 3508 4016 familie
3562 3943 3918 4034 alogiabat
3959 3942 4032 4009 in

303 4052 703 4133 Parmensi,
763 4052 1057 4120 credens
1115 4052 1538 4120 Florentiam
1583 4052 1961 4138 proficisci,
2006 4071 2161 4120 com
2208 4063 2354 4122 tota
2397 4051 2550 4120 eius
2595 4052 2928 4122 comitiva
2972 4051 3291 4120 discessit
3333 4072 3422 4120 ex
3471 4048 3853 4129 Parmensi,
3908 4070 4031 4120 vo-

308 4172 519 4228 catus
560 4159 656 4227 ad
698 4170 938 4230 vetera
984 4158 1446 4249 alogiamenta
1488 4158 1671 4226 ultra
1713 4158 2009 4236 Padum,
2071 4179 2229 4226 cum
2289 4161 2431 4250 jam
2477 4180 2619 4245 pax
2664 4158 3065 4228 crederetur
3108 4157 3443 4225 effectum
3488 4156 3740 4228 sortiri.

490 4266 732 4333 Prima
778 4264 896 4332 die
941 4273 1106 4353 may
1158 4265 1327 4337 1479
1369 4264 1656 4333 intravit
1696 4285 1828 4351 pro
1874 4265 2345 4334 commissario
2388 4265 2641 4333 Parme
2686 4266 2846 4334 loco
2889 4264 3155 4332 domini
3197 4263 3450 4354 Jacobi
3494 4259 3843 4331 Bonarelli
3894 4282 4036 4328 ma·

190 4370 267 4437 35
311 4373 613 4462 gnificus
659 4392 873 4459 eques
919 4370 1244 4439 dominus
1285 4368 1635 4439 Antonius
1676 4370 1966 4438 Trottus
2010 4370 2102 4438 de
2145 4370 2599 4449 Alexandria,
2632 4389 2980 4442 armorum
3008 4371 3284 4449 ductor,
3316 4381 3387 4439 et
3416 4370 3590 4438 alias
3632 4369 4038 4457 capitaneus

314 4478 883 4556 Bononiensium,
927 4476 1047 4565 qui
1091 4476 1405 4545 Bononie
1466 4476 1864 4546 morabatur
1909 4488 1977 4546 et
2020 4477 2305 4546 intravit
2362 4499 2491 4565 per
2551 4489 2823 4565 portam
2871 4477 3114 4546 Sancti
3158 4475 3532 4545 Michaelis
3575 4476 3651 4541 in
3694 4477 3876 4542 hora
3931 4474 4038 4542 vi-

313 4585 584 4674 gesima
625 4586 938 4652 secunda
981 4603 1137 4652 com
1182 4583 1522 4654 sonitibus
1566 4603 2058 4670 campanarum
2106 4596 2177 4651 et
2220 4581 2540 4654 tubarum
2583 4604 2670 4651 ac
2715 4582 3283 4662 tamborinorum‚
3330 4582 3708 4652 associatus
3750 4603 3795 4650 a
3835 4601 4037 4649 reve-

318 4692 543 4757 rendo
587 4689 872 4760 domino
934 4690 1267 4776 episcopo
1327 4688 1709 4768 Parmensi,
1771 4689 2142 4780 magnifico
2189 4690 2473 4758 domino
2518 4691 2737 4758 fratre
2781 4688 3137 4758 Rollando
3183 4688 3460 4769 Rubeo,
3507 4688 3794 4758 domino
3838 4698 4036 4774 pote-

320 4808 523 4875 state,
567 4795 922 4883 peditibus
966 4807 1243 4864 centum
1286 4797 1567 4866 matis
1626 4807 1697 4864 et
1743 4815 1899 4864 com
1944 4796 2276 4865 comitiva
2321 4816 2656 4884 equorum
2685 4793 2692 4800 ’
2718 4796 3095 4864 ducentum
3157 4794 3563 4864 notabilium
3622 4794 3879 4863 civium
3946 4796 4039 4863 de

204 4908 284 4971 40
322 4903 630 4992 qualibet
675 4905 996 4992 squadra„
1088 4904 1272 4970 Nam
1319 4903 1423 4969 illi
1467 4902 1561 4970 de
1603 4902 1906 4991 squadra
1948 4902 2204 4972 Rubea
2232 4913 2431 4971 erant
2460 4904 2677 4971 multo
2706 4903 2940 4990 plures
2969 4902 3155 4993 alijs3
3188 4913 3262 4970 et
3291 4902 3369 4969 in
3402 4903 3632 4972 eundo
3664 4901 3732 4970 ei
3761 4902 4038 4970 obviam

322 5030 537 5098 usque
583 5009 677 5076 ad
718 5009 972 5080 flumen
1015 5008 1271 5076 Hentie
1315 5008 1638 5078 dominus
1680 5008 2053 5096 episcopus
2101 5020 2252 5076 erat
2295 5008 2674 5080 associatus
2703 5019 2967 5076 tantum
2997 5008 3090 5077 ab
3131 5008 3274 5080 illis
3318 5009 3410 5077 de
3454 5006 3676 5078 tribus
3719 5008 4043 5096 squadris

328 5130 392 5185 et
437 5115 759 5184 dominus
800 5115 1192 5186 Rollandus
1236 5136 1280 5182 a
1322 5115 1615 5186 Rubeis.
1704 5115 1813 5182 De
1856 5115 2162 5182 adventu
2207 5114 2406 5182 cuius
2450 5114 2639 5184 dicte
2683 5127 2825 5181 tres
2853 5116 3152 5203 squadre
3184 5115 3610 5203 permaxime
3639 5115 3851 5184 letate
3880 5126 4042 5186 sunt

325 5234 391 5290 et
432 5224 512 5289 in
557 5221 871 5311 ingressu
917 5220 1220 5292 civitatis
1260 5222 1558 5291 aderant
1588 5224 1775 5290 forte
1819 5233 2100 5289 centum
2129 5223 2329 5310 pueri
2361 5239 2519 5290 com
2551 5220 2851 5292 franchis
2879 5222 2954 5288 in
2984 5220 3321 5301 manibus,
3354 5221 3738 5294 clamantes
3775 5225 3807 5260 ‘⁶
3829 5221 4042 5290 Trot-

327 5341 415 5407 to,
460 5328 718 5397 Trotto
742 5374 805 5409 „,
850 5338 1097 5394 euntes
1140 5340 1300 5395 ante
1345 5328 1673 5396 seriatim.

223 5435 292 5502 45
497 5433 604 5502 Ea
648 5433 932 5522 quidem
964 5433 1081 5501 die
1113 5433 1337 5526 prima
1364 5433 1579 5525 madij
1611 5433 1813 5522 pueri
1847 5436 2339 5504 antecedentes
2370 5454 2529 5502 cum
2558 5435 2858 5504 franchis
2890 5446 2960 5504 et
2990 5434 3091 5502 sic
3125 5435 3333 5504 etiam
3363 5433 3589 5503 altero
3618 5431 3801 5503 sero'
3832 5455 4036 5524 sequ-

328 5553 413 5621 to,
441 5539 832 5611 tamborino
876 5540 1503 5627 provisionatorum
1535 5553 1742 5609 eunte
1776 5552 1847 5607 et
1877 5553 2167 5609 sonante
2196 5561 2322 5630 per
2353 5542 2734 5623 civitatem,
2764 5542 2962 5629 pueri
2996 5541 3192 5609 illum
3223 5553 3611 5630 sequentes,
3645 5542 3766 5630 qui
3796 5561 4038 5610 omnes

329 5660 513 5719 erant
554 5649 648 5717 de
692 5645 919 5718 tribus
961 5646 1301 5735 squadris,
1347 5647 1621 5716 inducti
1668 5670 1711 5715 a
1755 5647 2169 5737 quibusdam
2216 5648 2305 5717 de
2351 5648 2524 5737 ipsis
2567 5649 2788 5717 tribus
2830 5649 3152 5738 squadris
3196 5648 3712 5717 inimicantibus
3755 5648 4039 5719 domino

328 5756 576 5849 Jacobo
606 5755 1018 5836 Bonarello,
1040 5752 1431 5823 clamabant
1474 5757 1505 5792 “
1519 5754 1793 5835 Trotto,
1816 5755 2068 5824 Trotto
2099 5775 2234 5824 con
2266 5776 2524 5824 amore.
2569 5756 2774 5824 Mora
2804 5756 2871 5823 el
2902 5776 3158 5845 guerzo
3191 5753 3610 5825 d’Anchona
3631 5756 3961 5825 traditore
3976 5803 4037 5838 „.

468 6019 563 6082 ³7·
599 6026 639 6066 ιι
678 6008 945 6064 one-‘aod
987 6035 1052 6046 -
1090 6017 1182 6073 μ.
1214 6005 1415 6075 notate]
1450 6003 1613 6060 letati
1651 6008 1766 6061 aaa.

4175 3328 4357 3368 aar

4187 5443 4231 5476 e.
4261 5440 4318 5481 07
4343 5444 4376 5474 v

4185 5486 4339 5536 Mna..
4370 5488 4458 5530 300
