<?xml version="1.0" encoding="UTF-8"?>
<!DOCTYPE html PUBLIC "-//W3C//DTD XHTML 1.0 Transitional//EN"
    "http://www.w3.org/TR/xhtml1/DTD/xhtml1-transitional.dtd">
<html xmlns="http://www.w3.org/1999/xhtml" xml:lang="en" lang="en">
 <head>
  <title>
</title>
<meta http-equiv="Content-Type" content="text/html;charset=utf-8" />
  <meta name='ocr-system' content='tesseract 3.04.00' />
  <meta name='ocr-capabilities' content='ocr_page ocr_carea ocr_par ocr_line ocrx_word'/>
</head>
<body>
  <div class='ocr_page' id='page_1' title='image "./cronicagestorum00bonagoog_0122.png"; bbox 0 0 4895 7066; ppageno 0'>
   <div class='ocr_carea' id='block_1_1' title="bbox 317 466 4044 586">
    <p class='ocr_par' dir='ltr' id='par_1_1' title="bbox 317 466 4044 586">
     <span class='ocr_line' id='line_1_1' title="bbox 317 466 4044 586; baseline -0.002 -24"><span class='ocrx_word' id='word_1_1' title='bbox 317 505 425 579; x_wconf 75' lang='grc' dir='ltr'><strong>[Α.</strong></span> <span class='ocrx_word' id='word_1_2' title='bbox 459 500 621 560; x_wconf 74' lang='lat'>1482</span> <span class='ocrx_word' id='word_1_3' title='bbox 656 497 939 574; x_wconf 72' lang='lat' dir='ltr'><strong>maggio]</strong></span> <span class='ocrx_word' id='word_1_4' title='bbox 1505 488 1619 561; x_wconf 94' lang='lat' dir='ltr'><strong>IN</strong></span> <span class='ocrx_word' id='word_1_5' title='bbox 1670 475 2884 586; x_wconf 60' lang='lat' dir='ltr'><strong>PARTfflUsgLomAmOE</strong></span> <span class='ocrx_word' id='word_1_6' title='bbox 3905 466 4044 554; x_wconf 84' lang='lat'><strong>107</strong></span> 
     </span>
    </p>
   </div>
   <div class='ocr_carea' id='block_1_2' title="bbox 1830 634 2119 644">
    <p class='ocr_par' dir='ltr' id='par_1_2' title="bbox 1830 634 2119 644">
     <span class='ocr_line' id='line_1_2' title="bbox 1830 634 2119 644; baseline 0 6422"><span class='ocrx_word' id='word_1_7' title='bbox 1830 634 2119 644; x_wconf 95' lang='lat' dir='ltr'><strong> </strong></span> 
     </span>
    </p>
   </div>
   <div class='ocr_carea' id='block_1_3' title="bbox 2122 633 2574 643">
    <p class='ocr_par' dir='ltr' id='par_1_3' title="bbox 2122 633 2574 643">
     <span class='ocr_line' id='line_1_3' title="bbox 2122 633 2574 643; baseline -0.002 -1"><span class='ocrx_word' id='word_1_8' title='bbox 2122 634 2176 643; x_wconf 70' lang='grc' dir='ltr'><strong>..ο-</strong></span> <span class='ocrx_word' id='word_1_9' title='bbox 2180 633 2574 642; x_wconf 52' lang='grc' dir='ltr'><strong>*οη-..Μαυω</strong></span> 
     </span>
    </p>
   </div>
   <div class='ocr_carea' id='block_1_4' title="bbox 1506 635 1827 646">
    <p class='ocr_par' dir='ltr' id='par_1_4' title="bbox 1506 635 1827 646">
     <span class='ocr_line' id='line_1_4' title="bbox 1506 635 1827 646; baseline 0 6420"><span class='ocrx_word' id='word_1_10' title='bbox 1506 635 1827 646; x_wconf 95' lang='lat' dir='ltr'><strong> </strong></span> 
     </span>
    </p>
   </div>
   <div class='ocr_carea' id='block_1_5' title="bbox 695 639 910 647">
    <p class='ocr_par' dir='ltr' id='par_1_5' title="bbox 695 639 910 647">
     <span class='ocr_line' id='line_1_5' title="bbox 695 639 910 647; baseline 0 6419"><span class='ocrx_word' id='word_1_11' title='bbox 695 639 910 647; x_wconf 95' lang='lat' dir='ltr'><strong> </strong></span> 
     </span>
    </p>
   </div>
   <div class='ocr_carea' id='block_1_6' title="bbox 912 638 1503 647">
    <p class='ocr_par' dir='ltr' id='par_1_6' title="bbox 912 638 1503 647">
     <span class='ocr_line' id='line_1_6' title="bbox 912 638 1503 647; baseline -0.002 -1"><span class='ocrx_word' id='word_1_12' title='bbox 912 638 1503 647; x_wconf 48' lang='lat' dir='ltr'><strong>”mmmmm-mu·-</strong></span> 
     </span>
    </p>
   </div>
   <div class='ocr_carea' id='block_1_7' title="bbox 346 639 693 651">
    <p class='ocr_par' dir='ltr' id='par_1_7' title="bbox 346 639 693 651">
     <span class='ocr_line' id='line_1_7' title="bbox 346 639 693 651; baseline 0 6415"><span class='ocrx_word' id='word_1_13' title='bbox 346 639 693 651; x_wconf 95' lang='lat' dir='ltr'><strong> </strong></span> 
     </span>
    </p>
   </div>
   <div class='ocr_carea' id='block_1_8' title="bbox 204 748 4057 5859">
    <p class='ocr_par' dir='ltr' id='par_1_8' title="bbox 324 748 4046 948">
     <span class='ocr_line' id='line_1_8' title="bbox 324 748 4046 842; baseline 0.001 -25"><span class='ocrx_word' id='word_1_14' title='bbox 324 750 549 832; x_wconf 88' lang='lat' dir='ltr'><strong>terris,</strong></span> <span class='ocrx_word' id='word_1_15' title='bbox 589 752 707 818; x_wconf 88' lang='lat' dir='ltr'><strong>vel</strong></span> <span class='ocrx_word' id='word_1_16' title='bbox 752 754 848 820; x_wconf 90' lang='lat' dir='ltr'><strong>ad</strong></span> <span class='ocrx_word' id='word_1_17' title='bbox 892 754 1175 823; x_wconf 87' lang='lat' dir='ltr'><strong>servitia</strong></span> <span class='ocrx_word' id='word_1_18' title='bbox 1216 754 1643 835; x_wconf 89' lang='lat' dir='ltr'><strong>Rubeorum,</strong></span> <span class='ocrx_word' id='word_1_19' title='bbox 1692 774 1933 820; x_wconf 84' lang='lat' dir='ltr'><strong>omnes</strong></span> <span class='ocrx_word' id='word_1_20' title='bbox 1976 751 2306 842; x_wconf 90' lang='lat' dir='ltr'><strong>publicati</strong></span> <span class='ocrx_word' id='word_1_21' title='bbox 2337 763 2495 818; x_wconf 85' lang='lat' dir='ltr'><strong>sunt</strong></span> <span class='ocrx_word' id='word_1_22' title='bbox 2536 770 2667 840; x_wconf 90' lang='lat' dir='ltr'><strong>pro</strong></span> <span class='ocrx_word' id='word_1_23' title='bbox 2712 748 3009 817; x_wconf 88' lang='lat' dir='ltr'><strong>bannitis</strong></span> <span class='ocrx_word' id='word_1_24' title='bbox 3053 762 3124 817; x_wconf 89' lang='lat' dir='ltr'><strong>et</strong></span> <span class='ocrx_word' id='word_1_25' title='bbox 3165 749 3559 836; x_wconf 76' lang='lat' dir='ltr'>rebellibus,</span> <span class='ocrx_word' id='word_1_26' title='bbox 3605 753 3723 842; x_wconf 89' lang='lat' dir='ltr'><strong>qui</strong></span> <span class='ocrx_word' id='word_1_27' title='bbox 3765 754 4046 822; x_wconf 77' lang='lat' dir='ltr'><strong>fuerunt</strong></span> 
     </span>
     <span class='ocr_line' id='line_1_9' title="bbox 327 855 3703 948; baseline 0.002 -26"><span class='ocrx_word' id='word_1_28' title='bbox 327 858 546 938; x_wconf 89' lang='lat' dir='ltr'><strong>multi,</strong></span> <span class='ocrx_word' id='word_1_29' title='bbox 589 858 840 946; x_wconf 89' lang='lat' dir='ltr'><strong>quibus</strong></span> <span class='ocrx_word' id='word_1_30' title='bbox 883 861 1148 929; x_wconf 90' lang='lat' dir='ltr'><strong>mansio</strong></span> <span class='ocrx_word' id='word_1_31' title='bbox 1195 882 1339 930; x_wconf 91' lang='lat' dir='ltr'><strong>non</strong></span> <span class='ocrx_word' id='word_1_32' title='bbox 1384 874 1531 928; x_wconf 90' lang='lat' dir='ltr'><strong>erat</strong></span> <span class='ocrx_word' id='word_1_33' title='bbox 1573 873 1748 928; x_wconf 91' lang='lat' dir='ltr'><strong>tutta</strong></span> <span class='ocrx_word' id='word_1_34' title='bbox 1790 859 1864 925; x_wconf 90' lang='lat' dir='ltr'><strong>in</strong></span> <span class='ocrx_word' id='word_1_35' title='bbox 1909 859 2209 938; x_wconf 87' lang='lat' dir='ltr'><strong>civitate,</strong></span> <span class='ocrx_word' id='word_1_36' title='bbox 2255 857 2610 946; x_wconf 87' lang='lat' dir='ltr'><strong>persequti</strong></span> <span class='ocrx_word' id='word_1_37' title='bbox 2654 855 2743 923; x_wconf 90' lang='lat' dir='ltr'><strong>ab</strong></span> <span class='ocrx_word' id='word_1_38' title='bbox 2789 856 2941 945; x_wconf 89' lang='lat' dir='ltr'><strong>alijs</strong></span> <span class='ocrx_word' id='word_1_39' title='bbox 2987 858 3076 925; x_wconf 92' lang='lat' dir='ltr'><strong>de</strong></span> <span class='ocrx_word' id='word_1_40' title='bbox 3122 857 3339 927; x_wconf 87' lang='lat' dir='ltr'><strong>tribus</strong></span> <span class='ocrx_word' id='word_1_41' title='bbox 3368 861 3703 948; x_wconf 88' lang='lat' dir='ltr'><strong>squadris.</strong></span> 
     </span>
    </p>

    <p class='ocr_par' dir='ltr' id='par_1_9' title="bbox 331 964 4055 1164">
     <span class='ocr_line' id='line_1_10' title="bbox 506 964 4055 1059; baseline 0 -26"><span class='ocrx_word' id='word_1_42' title='bbox 506 966 802 1035; x_wconf 91' lang='lat' dir='ltr'><strong>Decimo</strong></span> <span class='ocrx_word' id='word_1_43' title='bbox 848 969 1141 1056; x_wconf 91' lang='lat' dir='ltr'><strong>septimo</strong></span> <span class='ocrx_word' id='word_1_44' title='bbox 1187 991 1351 1059; x_wconf 87' lang='lat' dir='ltr'><strong>may</strong></span> <span class='ocrx_word' id='word_1_45' title='bbox 1393 968 1463 1035; x_wconf 88' lang='lat' dir='ltr'><strong>in</strong></span> <span class='ocrx_word' id='word_1_46' title='bbox 1510 979 1717 1036; x_wconf 89' lang='lat' dir='ltr'><strong>nocte</strong></span> <span class='ocrx_word' id='word_1_47' title='bbox 1764 979 2010 1057; x_wconf 90' lang='lat' dir='ltr'><strong>gentes</strong></span> <span class='ocrx_word' id='word_1_48' title='bbox 2055 965 2394 1056; x_wconf 89' lang='lat' dir='ltr'><strong>armigere</strong></span> <span class='ocrx_word' id='word_1_49' title='bbox 2439 964 2691 1032; x_wconf 91' lang='lat' dir='ltr'><strong>Rubee</strong></span> <span class='ocrx_word' id='word_1_50' title='bbox 2741 985 2897 1031; x_wconf 92' lang='lat' dir='ltr'><strong>cum</strong></span> <span class='ocrx_word' id='word_1_51' title='bbox 2959 964 3316 1034; x_wconf 88' lang='lat' dir='ltr'><strong>trombetis</strong></span> <span class='ocrx_word' id='word_1_52' title='bbox 3362 979 3433 1034; x_wconf 89' lang='lat' dir='ltr'><strong>et</strong></span> <span class='ocrx_word' id='word_1_53' title='bbox 3475 967 3876 1036; x_wconf 88' lang='lat' dir='ltr'><strong>tamborinis</strong></span> <span class='ocrx_word' id='word_1_54' title='bbox 3934 986 4055 1035; x_wconf 91' lang='lat' dir='ltr'><strong>ac-</strong></span> 
     </span>
     <span class='ocr_line' id='line_1_11' title="bbox 331 1069 4053 1164; baseline -0 -26"><span class='ocrx_word' id='word_1_55' title='bbox 331 1086 685 1140; x_wconf 84' lang='lat' dir='ltr'><strong>cesserunt</strong></span> <span class='ocrx_word' id='word_1_56' title='bbox 731 1074 805 1139; x_wconf 90' lang='lat' dir='ltr'><strong>in</strong></span> <span class='ocrx_word' id='word_1_57' title='bbox 848 1074 1143 1163; x_wconf 87' lang='lat' dir='ltr'><strong>burgum</strong></span> <span class='ocrx_word' id='word_1_58' title='bbox 1192 1075 1431 1142; x_wconf 86' lang='lat' dir='ltr'><strong>Sancti</strong></span> <span class='ocrx_word' id='word_1_59' title='bbox 1475 1074 1844 1141; x_wconf 74' lang='lat' dir='ltr'><strong>Michaelis</strong></span> <span class='ocrx_word' id='word_1_60' title='bbox 1889 1085 1961 1140; x_wconf 89' lang='lat' dir='ltr'><strong>et</strong></span> <span class='ocrx_word' id='word_1_61' title='bbox 2003 1072 2096 1139; x_wconf 94' lang='lat' dir='ltr'><strong>ad</strong></span> <span class='ocrx_word' id='word_1_62' title='bbox 2139 1083 2411 1161; x_wconf 90' lang='lat' dir='ltr'><strong>portam</strong></span> <span class='ocrx_word' id='word_1_63' title='bbox 2461 1070 2773 1151; x_wconf 87' lang='lat' dir='ltr'><strong>civitatis,</strong></span> <span class='ocrx_word' id='word_1_64' title='bbox 2805 1069 2924 1137; x_wconf 91' lang='lat' dir='ltr'><strong>ubi</strong></span> <span class='ocrx_word' id='word_1_65' title='bbox 2968 1070 3062 1138; x_wconf 89' lang='lat' dir='ltr'><strong>ad</strong></span> <span class='ocrx_word' id='word_1_66' title='bbox 3107 1071 3456 1140; x_wconf 90' lang='lat' dir='ltr'><strong>rastellum</strong></span> <span class='ocrx_word' id='word_1_67' title='bbox 3484 1074 3713 1162; x_wconf 85' lang='lat' dir='ltr'><strong>pontis</strong></span> <span class='ocrx_word' id='word_1_68' title='bbox 3744 1073 4053 1164; x_wconf 85' lang='lat' dir='ltr'><strong>levatorij</strong></span> 
     </span>
    </p>

    <p class='ocr_par' dir='ltr' id='par_1_10' title="bbox 246 1177 4057 1695">
     <span class='ocr_line' id='line_1_12' title="bbox 246 1177 4056 1269; baseline -0 -24"><span class='ocrx_word' id='word_1_69' title='bbox 246 1177 283 1245; x_wconf 83' lang='lat'>5</span> <span class='ocrx_word' id='word_1_70' title='bbox 328 1199 501 1247; x_wconf 86' lang='lat' dir='ltr'><strong>sono</strong></span> <span class='ocrx_word' id='word_1_71' title='bbox 548 1179 866 1246; x_wconf 90' lang='lat' dir='ltr'><strong>tubarum</strong></span> <span class='ocrx_word' id='word_1_72' title='bbox 913 1193 983 1248; x_wconf 90' lang='lat' dir='ltr'><strong>et</strong></span> <span class='ocrx_word' id='word_1_73' title='bbox 1026 1180 1562 1249; x_wconf 91' lang='lat' dir='ltr'><strong>tamborinorum</strong></span> <span class='ocrx_word' id='word_1_74' title='bbox 1610 1179 2093 1267; x_wconf 82' lang='lat' dir='ltr'><strong>appenderunt</strong></span> <span class='ocrx_word' id='word_1_75' title='bbox 2119 1200 2249 1266; x_wconf 91' lang='lat' dir='ltr'><strong>per</strong></span> <span class='ocrx_word' id='word_1_76' title='bbox 2279 1177 2536 1267; x_wconf 89' lang='lat' dir='ltr'><strong>gullam</strong></span> <span class='ocrx_word' id='word_1_77' title='bbox 2569 1178 2938 1265; x_wconf 81' lang='lat' dir='ltr'><strong>quemdam</strong></span> <span class='ocrx_word' id='word_1_78' title='bbox 2981 1177 3194 1245; x_wconf 88' lang='lat' dir='ltr'><strong>filium</strong></span> <span class='ocrx_word' id='word_1_79' title='bbox 3225 1179 3422 1247; x_wconf 90' lang='lat' dir='ltr'><strong>unius</strong></span> <span class='ocrx_word' id='word_1_80' title='bbox 3471 1178 3819 1269; x_wconf 73' lang='lat' dir='ltr'><strong>ballistarii</strong></span> <span class='ocrx_word' id='word_1_81' title='bbox 3855 1179 4056 1247; x_wconf 78' lang='lat' dir='ltr'><strong>Sfor-</strong></span> 
     </span>
     <span class='ocr_line' id='line_1_13' title="bbox 337 1285 4057 1375; baseline 0 -25"><span class='ocrx_word' id='word_1_82' title='bbox 337 1286 463 1366; x_wconf 90' lang='lat' dir='ltr'><strong>cie,</strong></span> <span class='ocrx_word' id='word_1_83' title='bbox 512 1286 630 1375; x_wconf 91' lang='lat' dir='ltr'><strong>qui</strong></span> <span class='ocrx_word' id='word_1_84' title='bbox 679 1288 1060 1355; x_wconf 89' lang='lat' dir='ltr'><strong>conductus</strong></span> <span class='ocrx_word' id='word_1_85' title='bbox 1107 1289 1200 1355; x_wconf 92' lang='lat' dir='ltr'><strong>ad</strong></span> <span class='ocrx_word' id='word_1_86' title='bbox 1245 1287 1586 1375; x_wconf 88' lang='lat' dir='ltr'><strong>stipendia</strong></span> <span class='ocrx_word' id='word_1_87' title='bbox 1636 1286 2041 1355; x_wconf 87' lang='lat' dir='ltr'><strong>Rubeorum</strong></span> <span class='ocrx_word' id='word_1_88' title='bbox 2086 1297 2401 1372; x_wconf 86' lang='lat' dir='ltr'><strong>repertus</strong></span> <span class='ocrx_word' id='word_1_89' title='bbox 2447 1295 2554 1350; x_wconf 89' lang='lat' dir='ltr'><strong>est</strong></span> <span class='ocrx_word' id='word_1_90' title='bbox 2598 1304 2995 1350; x_wconf 89' lang='lat' dir='ltr'><strong>mensurare</strong></span> <span class='ocrx_word' id='word_1_91' title='bbox 3042 1306 3274 1353; x_wconf 87' lang='lat' dir='ltr'><strong>muros</strong></span> <span class='ocrx_word' id='word_1_92' title='bbox 3313 1285 3550 1354; x_wconf 85' lang='lat' dir='ltr'><strong>Fillini</strong></span> <span class='ocrx_word' id='word_1_93' title='bbox 3593 1299 3664 1354; x_wconf 89' lang='lat' dir='ltr'><strong>et</strong></span> <span class='ocrx_word' id='word_1_94' title='bbox 3696 1287 4057 1353; x_wconf 76' lang='lat' dir='ltr'><strong>confessus</strong></span> 
     </span>
     <span class='ocr_line' id='line_1_14' title="bbox 332 1389 4055 1483; baseline -0.001 -24"><span class='ocrx_word' id='word_1_95' title='bbox 332 1405 437 1459; x_wconf 86' lang='lat' dir='ltr'><strong>est</strong></span> <span class='ocrx_word' id='word_1_96' title='bbox 479 1394 967 1479; x_wconf 84' lang='lat' dir='ltr'><strong>proditionem.</strong></span> <span class='ocrx_word' id='word_1_97' title='bbox 1057 1396 1377 1483; x_wconf 87' lang='lat' dir='ltr'><strong>Dumque</strong></span> <span class='ocrx_word' id='word_1_98' title='bbox 1424 1393 1941 1481; x_wconf 84' lang='lat' dir='ltr'><strong>appenderetur</strong></span> <span class='ocrx_word' id='word_1_99' title='bbox 1988 1391 2333 1460; x_wconf 89' lang='lat' dir='ltr'><strong>clamabat</strong></span> <span class='ocrx_word' id='word_1_100' title='bbox 2387 1393 2418 1427; x_wconf 80' lang='lat'>“</span> <span class='ocrx_word' id='word_1_101' title='bbox 2443 1390 2713 1470; x_wconf 81' lang='lat' dir='ltr'><strong>Marce,</strong></span> <span class='ocrx_word' id='word_1_102' title='bbox 2746 1390 3016 1471; x_wconf 88' lang='lat' dir='ltr'><strong>Marco,</strong></span> <span class='ocrx_word' id='word_1_103' title='bbox 3047 1391 3295 1473; x_wconf 88' lang='lat' dir='ltr'><strong>Maria,</strong></span> <span class='ocrx_word' id='word_1_104' title='bbox 3341 1392 3568 1459; x_wconf 90' lang='lat' dir='ltr'><strong>Maria</strong></span> <span class='ocrx_word' id='word_1_105' title='bbox 3593 1417 3672 1474; x_wconf 70' lang='grc' dir='ltr'><strong>,ς</strong></span> <span class='ocrx_word' id='word_1_106' title='bbox 3720 1405 3792 1459; x_wconf 91' lang='lat' dir='ltr'><strong>et</strong></span> <span class='ocrx_word' id='word_1_107' title='bbox 3832 1392 3904 1458; x_wconf 91' lang='lat' dir='ltr'><strong>in</strong></span> <span class='ocrx_word' id='word_1_108' title='bbox 3949 1389 4055 1456; x_wconf 90' lang='lat' dir='ltr'><strong>bi-</strong></span> 
     </span>
     <span class='ocr_line' id='line_1_15' title="bbox 334 1495 4054 1588; baseline -0 -24"><span class='ocrx_word' id='word_1_109' title='bbox 334 1512 484 1565; x_wconf 91' lang='lat' dir='ltr'><strong>reto</strong></span> <span class='ocrx_word' id='word_1_110' title='bbox 531 1501 847 1587; x_wconf 89' lang='lat' dir='ltr'><strong>apposita</strong></span> <span class='ocrx_word' id='word_1_111' title='bbox 893 1500 1023 1568; x_wconf 83' lang='lat' dir='ltr'><strong>fuit</strong></span> <span class='ocrx_word' id='word_1_112' title='bbox 1065 1521 1399 1588; x_wconf 85' lang='lat' dir='ltr'><strong>suspenso</strong></span> <span class='ocrx_word' id='word_1_113' title='bbox 1447 1500 1696 1568; x_wconf 89' lang='lat' dir='ltr'><strong>cedula</strong></span> <span class='ocrx_word' id='word_1_114' title='bbox 1738 1520 2122 1587; x_wconf 81' lang='lat' dir='ltr'><strong>processus.</strong></span> <span class='ocrx_word' id='word_1_115' title='bbox 2213 1498 2485 1564; x_wconf 84' lang='lat' dir='ltr'><strong>Exinde</strong></span> <span class='ocrx_word' id='word_1_116' title='bbox 2534 1497 2765 1586; x_wconf 88' lang='lat' dir='ltr'><strong>ignem</strong></span> <span class='ocrx_word' id='word_1_117' title='bbox 2796 1497 3232 1566; x_wconf 88' lang='lat' dir='ltr'><strong>inmisserunt</strong></span> <span class='ocrx_word' id='word_1_118' title='bbox 3276 1499 3504 1566; x_wconf 90' lang='lat' dir='ltr'><strong>multis</strong></span> <span class='ocrx_word' id='word_1_119' title='bbox 3533 1497 3852 1565; x_wconf 79' lang='lat' dir='ltr'><strong>domibus</strong></span> <span class='ocrx_word' id='word_1_120' title='bbox 3883 1495 4054 1564; x_wconf 89' lang='lat' dir='ltr'><strong>dicti</strong></span> 
     </span>
     <span class='ocr_line' id='line_1_16' title="bbox 334 1603 4054 1695; baseline -0.001 -25"><span class='ocrx_word' id='word_1_121' title='bbox 334 1604 552 1695; x_wconf 86' lang='lat' dir='ltr'><strong>burgi.</strong></span> <span class='ocrx_word' id='word_1_122' title='bbox 646 1606 856 1673; x_wconf 91' lang='lat' dir='ltr'><strong>Cives</strong></span> <span class='ocrx_word' id='word_1_123' title='bbox 899 1608 1037 1675; x_wconf 90' lang='lat' dir='ltr'><strong>hoc</strong></span> <span class='ocrx_word' id='word_1_124' title='bbox 1083 1607 1476 1688; x_wconf 86' lang='lat' dir='ltr'><strong>sentientes,</strong></span> <span class='ocrx_word' id='word_1_125' title='bbox 1523 1606 1746 1674; x_wconf 87' lang='lat' dir='ltr'><strong>noctis</strong></span> <span class='ocrx_word' id='word_1_126' title='bbox 1790 1619 2129 1693; x_wconf 90' lang='lat' dir='ltr'><strong>tempore,</strong></span> <span class='ocrx_word' id='word_1_127' title='bbox 2175 1605 2268 1671; x_wconf 91' lang='lat' dir='ltr'><strong>ad</strong></span> <span class='ocrx_word' id='word_1_128' title='bbox 2313 1625 2505 1671; x_wconf 89' lang='lat' dir='ltr'><strong>arma</strong></span> <span class='ocrx_word' id='word_1_129' title='bbox 2552 1617 2984 1684; x_wconf 91' lang='lat' dir='ltr'><strong>cucurerunt,</strong></span> <span class='ocrx_word' id='word_1_130' title='bbox 3029 1606 3382 1691; x_wconf 75' lang='lat' dir='ltr'><strong>pulsantes</strong></span> <span class='ocrx_word' id='word_1_131' title='bbox 3425 1603 3784 1695; x_wconf 86' lang='lat' dir='ltr'><strong>Bayonum</strong></span> <span class='ocrx_word' id='word_1_132' title='bbox 3816 1616 3887 1671; x_wconf 90' lang='lat' dir='ltr'><strong>et</strong></span> <span class='ocrx_word' id='word_1_133' title='bbox 3915 1616 4054 1670; x_wconf 89' lang='lat' dir='ltr'><strong>tre-</strong></span> 
     </span>
    </p>

    <p class='ocr_par' dir='ltr' id='par_1_11' title="bbox 227 1710 4052 1889">
     <span class='ocr_line' id='line_1_17' title="bbox 227 1710 4052 1802; baseline -0.001 -25"><span class='ocrx_word' id='word_1_134' title='bbox 227 1713 303 1777; x_wconf 87' lang='lat'><strong>10</strong></span> <span class='ocrx_word' id='word_1_135' title='bbox 340 1711 485 1798; x_wconf 90' lang='lat' dir='ltr'><strong>pidi</strong></span> <span class='ocrx_word' id='word_1_136' title='bbox 530 1712 620 1779; x_wconf 90' lang='lat' dir='ltr'><strong>ob</strong></span> <span class='ocrx_word' id='word_1_137' title='bbox 666 1714 1041 1798; x_wconf 84' lang='lat' dir='ltr'><strong>novitatem</strong></span> <span class='ocrx_word' id='word_1_138' title='bbox 1086 1714 1189 1780; x_wconf 91' lang='lat' dir='ltr'><strong>rei</strong></span> <span class='ocrx_word' id='word_1_139' title='bbox 1233 1734 1376 1781; x_wconf 91' lang='lat' dir='ltr'><strong>non</strong></span> <span class='ocrx_word' id='word_1_140' title='bbox 1419 1726 1577 1781; x_wconf 88' lang='lat' dir='ltr'><strong>sunt</strong></span> <span class='ocrx_word' id='word_1_141' title='bbox 1622 1713 1767 1779; x_wconf 90' lang='lat' dir='ltr'><strong>ausi</strong></span> <span class='ocrx_word' id='word_1_142' title='bbox 1829 1712 2016 1780; x_wconf 84' lang='lat' dir='ltr'><strong>exire</strong></span> <span class='ocrx_word' id='word_1_143' title='bbox 2078 1710 2339 1779; x_wconf 87' lang='lat' dir='ltr'><strong>urbem.</strong></span> <span class='ocrx_word' id='word_1_144' title='bbox 2435 1712 2679 1801; x_wconf 83' lang='lat' dir='ltr'><strong>Ignem</strong></span> <span class='ocrx_word' id='word_1_145' title='bbox 2741 1723 2948 1798; x_wconf 88' lang='lat' dir='ltr'><strong>atque</strong></span> <span class='ocrx_word' id='word_1_146' title='bbox 3007 1724 3387 1800; x_wconf 86' lang='lat' dir='ltr'><strong>posuerunt</strong></span> <span class='ocrx_word' id='word_1_147' title='bbox 3443 1725 3689 1802; x_wconf 85' lang='lat' dir='ltr'><strong>gentes</strong></span> <span class='ocrx_word' id='word_1_148' title='bbox 3730 1711 4052 1800; x_wconf 73' lang='lat' dir='ltr'><strong>prefacte</strong></span> 
     </span>
     <span class='ocr_line' id='line_1_18' title="bbox 340 1818 1381 1889; baseline 0.004 -4"><span class='ocrx_word' id='word_1_149' title='bbox 340 1818 411 1885; x_wconf 90' lang='lat' dir='ltr'><strong>in</strong></span> <span class='ocrx_word' id='word_1_150' title='bbox 452 1819 828 1888; x_wconf 89' lang='lat' dir='ltr'><strong>Castelleto</strong></span> <span class='ocrx_word' id='word_1_151' title='bbox 872 1820 1381 1889; x_wconf 89' lang='lat' dir='ltr'><strong>Berneriorum.</strong></span> 
     </span>
    </p>

    <p class='ocr_par' dir='ltr' id='par_1_12' title="bbox 348 1921 4054 2228">
     <span class='ocr_line' id='line_1_19' title="bbox 511 1921 4054 2016; baseline -0.001 -24"><span class='ocrx_word' id='word_1_152' title='bbox 511 1926 716 1993; x_wconf 86' lang='lat' dir='ltr'><strong>Dicta</strong></span> <span class='ocrx_word' id='word_1_153' title='bbox 759 1927 1068 1995; x_wconf 86' lang='lat' dir='ltr'><strong>novitate</strong></span> <span class='ocrx_word' id='word_1_154' title='bbox 1113 1939 1356 2016; x_wconf 85' lang='lat' dir='ltr'><strong>sequta</strong></span> <span class='ocrx_word' id='word_1_155' title='bbox 1400 1928 1725 1995; x_wconf 89' lang='lat' dir='ltr'><strong>Zanonus</strong></span> <span class='ocrx_word' id='word_1_156' title='bbox 1770 1926 1860 1994; x_wconf 90' lang='lat' dir='ltr'><strong>de</strong></span> <span class='ocrx_word' id='word_1_157' title='bbox 1905 1925 1975 1994; x_wconf 91' lang='lat' dir='ltr'><strong>la</strong></span> <span class='ocrx_word' id='word_1_158' title='bbox 2018 1925 2228 1994; x_wconf 82' lang='lat' dir='ltr'><strong>Vella</strong></span> <span class='ocrx_word' id='word_1_159' title='bbox 2259 1925 2626 2012; x_wconf 70' lang='lat' dir='ltr'><strong>deputatus</strong></span> <span class='ocrx_word' id='word_1_160' title='bbox 2656 1926 2747 1991; x_wconf 92' lang='lat' dir='ltr'><strong>ad</strong></span> <span class='ocrx_word' id='word_1_161' title='bbox 2780 1925 3160 1994; x_wconf 76' lang='lat' dir='ltr'><strong>custodiam</strong></span> <span class='ocrx_word' id='word_1_162' title='bbox 3207 1926 3499 1994; x_wconf 85' lang='lat' dir='ltr'><strong>civitatis</strong></span> <span class='ocrx_word' id='word_1_163' title='bbox 3529 1946 3687 1994; x_wconf 90' lang='lat' dir='ltr'><strong>com</strong></span> <span class='ocrx_word' id='word_1_164' title='bbox 3731 1921 4054 2015; x_wconf 89' lang='lat' dir='ltr'><strong>gentibus</strong></span> 
     </span>
     <span class='ocr_line' id='line_1_20' title="bbox 348 2031 4049 2123; baseline -0.001 -23"><span class='ocrx_word' id='word_1_165' title='bbox 348 2033 739 2113; x_wconf 89' lang='lat' dir='ltr'><strong>ducallibus,</strong></span> <span class='ocrx_word' id='word_1_166' title='bbox 787 2034 1083 2102; x_wconf 78' lang='lat' dir='ltr'><strong>accessit</strong></span> <span class='ocrx_word' id='word_1_167' title='bbox 1140 2035 1234 2102; x_wconf 89' lang='lat' dir='ltr'><strong>ad</strong></span> <span class='ocrx_word' id='word_1_168' title='bbox 1295 2034 1529 2102; x_wconf 87' lang='lat' dir='ltr'><strong>villam</strong></span> <span class='ocrx_word' id='word_1_169' title='bbox 1575 2035 1828 2115; x_wconf 90' lang='lat' dir='ltr'><strong>Fillini,</strong></span> <span class='ocrx_word' id='word_1_170' title='bbox 1875 2031 1977 2100; x_wconf 92' lang='lat' dir='ltr'><strong>in&#39;</strong></span> <span class='ocrx_word' id='word_1_171' title='bbox 2024 2054 2162 2122; x_wconf 88' lang='lat' dir='ltr'><strong>qua</strong></span> <span class='ocrx_word' id='word_1_172' title='bbox 2205 2047 2450 2122; x_wconf 88' lang='lat' dir='ltr'><strong>gentes</strong></span> <span class='ocrx_word' id='word_1_173' title='bbox 2510 2033 2772 2100; x_wconf 92' lang='lat' dir='ltr'><strong>domini</strong></span> <span class='ocrx_word' id='word_1_174' title='bbox 2830 2032 3235 2102; x_wconf 90' lang='lat' dir='ltr'><strong>Petrimarie</strong></span> <span class='ocrx_word' id='word_1_175' title='bbox 3295 2034 3653 2123; x_wconf 89' lang='lat' dir='ltr'><strong>logiabant</strong></span> <span class='ocrx_word' id='word_1_176' title='bbox 3698 2045 3770 2100; x_wconf 89' lang='lat' dir='ltr'><strong>et</strong></span> <span class='ocrx_word' id='word_1_177' title='bbox 3813 2031 3914 2098; x_wconf 91' lang='lat' dir='ltr'><strong>eis</strong></span> <span class='ocrx_word' id='word_1_178' title='bbox 3958 2050 4049 2095; x_wconf 89' lang='lat' dir='ltr'><strong>ex</strong></span> 
     </span>
     <span class='ocr_line' id='line_1_21' title="bbox 350 2137 4052 2228; baseline -0.001 -23"><span class='ocrx_word' id='word_1_179' title='bbox 350 2140 704 2227; x_wconf 88' lang='lat' dir='ltr'><strong>improviso</strong></span> <span class='ocrx_word' id='word_1_180' title='bbox 747 2141 1108 2223; x_wconf 90' lang='lat' dir='ltr'><strong>insultatis,</strong></span> <span class='ocrx_word' id='word_1_181' title='bbox 1155 2141 1350 2208; x_wconf 91' lang='lat' dir='ltr'><strong>multi</strong></span> <span class='ocrx_word' id='word_1_182' title='bbox 1396 2141 1562 2207; x_wconf 91' lang='lat' dir='ltr'><strong>hinc</strong></span> <span class='ocrx_word' id='word_1_183' title='bbox 1591 2141 1756 2207; x_wconf 92' lang='lat' dir='ltr'><strong>inde</strong></span> <span class='ocrx_word' id='word_1_184' title='bbox 1790 2141 2135 2221; x_wconf 84' lang='lat' dir='ltr'><strong>cecidere,</strong></span> <span class='ocrx_word' id='word_1_185' title='bbox 2170 2141 2491 2228; x_wconf 88' lang='lat' dir='ltr'><strong>captique</strong></span> <span class='ocrx_word' id='word_1_186' title='bbox 2524 2154 2717 2219; x_wconf 80' lang='lat' dir='ltr'><strong>sunt3</strong></span> <span class='ocrx_word' id='word_1_187' title='bbox 2751 2153 2822 2208; x_wconf 89' lang='lat' dir='ltr'><strong>et</strong></span> <span class='ocrx_word' id='word_1_188' title='bbox 2851 2140 2924 2207; x_wconf 91' lang='lat' dir='ltr'><strong>in</strong></span> <span class='ocrx_word' id='word_1_189' title='bbox 2968 2140 3366 2209; x_wconf 83' lang='lat' dir='ltr'><strong>reversione</strong></span> <span class='ocrx_word' id='word_1_190' title='bbox 3398 2141 3492 2208; x_wconf 88' lang='lat' dir='ltr'><strong>ad</strong></span> <span class='ocrx_word' id='word_1_191' title='bbox 3522 2140 3868 2208; x_wconf 89' lang='lat' dir='ltr'><strong>civitatem</strong></span> <span class='ocrx_word' id='word_1_192' title='bbox 3900 2137 4052 2226; x_wconf 89' lang='lat' dir='ltr'><strong>ipse</strong></span> 
     </span>
    </p>

    <p class='ocr_par' dir='ltr' id='par_1_13' title="bbox 249 2243 3134 2336">
     <span class='ocr_line' id='line_1_22' title="bbox 249 2243 3134 2336; baseline 0.001 -24"><span class='ocrx_word' id='word_1_193' title='bbox 249 2243 313 2312; x_wconf 86' lang='lat'><strong>15</strong></span> <span class='ocrx_word' id='word_1_194' title='bbox 354 2248 662 2315; x_wconf 89' lang='lat' dir='ltr'><strong>Zanonus</strong></span> <span class='ocrx_word' id='word_1_195' title='bbox 705 2247 959 2314; x_wconf 89' lang='lat' dir='ltr'><strong>multos</strong></span> <span class='ocrx_word' id='word_1_196' title='bbox 1006 2246 1315 2335; x_wconf 88' lang='lat' dir='ltr'><strong>captivos</strong></span> <span class='ocrx_word' id='word_1_197' title='bbox 1359 2246 1643 2314; x_wconf 83' lang='lat' dir='ltr'><strong>abduxit</strong></span> <span class='ocrx_word' id='word_1_198' title='bbox 1688 2247 1778 2313; x_wconf 93' lang='lat' dir='ltr'><strong>de</strong></span> <span class='ocrx_word' id='word_1_199' title='bbox 1823 2247 1990 2314; x_wconf 84' lang='lat' dir='ltr'><strong>villa</strong></span> <span class='ocrx_word' id='word_1_200' title='bbox 2033 2247 2407 2336; x_wconf 89' lang='lat' dir='ltr'><strong>Carignani</strong></span> <span class='ocrx_word' id='word_1_201' title='bbox 2453 2259 2525 2314; x_wconf 89' lang='lat' dir='ltr'><strong>et</strong></span> <span class='ocrx_word' id='word_1_202' title='bbox 2568 2248 2815 2314; x_wconf 90' lang='lat' dir='ltr'><strong>multas</strong></span> <span class='ocrx_word' id='word_1_203' title='bbox 2860 2246 3134 2315; x_wconf 85' lang='lat' dir='ltr'><strong>bestias.</strong></span> 
     </span>
    </p>

    <p class='ocr_par' dir='ltr' id='par_1_14' title="bbox 342 2352 4053 2656">
     <span class='ocr_line' id='line_1_23' title="bbox 514 2352 4053 2444; baseline -0.001 -24"><span class='ocrx_word' id='word_1_204' title='bbox 514 2354 872 2442; x_wconf 88' lang='lat' dir='ltr'><strong>Vigesimo</strong></span> <span class='ocrx_word' id='word_1_205' title='bbox 918 2367 1162 2442; x_wconf 83' lang='lat' dir='ltr'><strong>quarto</strong></span> <span class='ocrx_word' id='word_1_206' title='bbox 1209 2376 1373 2444; x_wconf 86' lang='lat' dir='ltr'><strong>may</strong></span> <span class='ocrx_word' id='word_1_207' title='bbox 1415 2367 1661 2444; x_wconf 88' lang='lat' dir='ltr'><strong>gentes</strong></span> <span class='ocrx_word' id='word_1_208' title='bbox 1706 2354 2047 2443; x_wconf 89' lang='lat' dir='ltr'><strong>armigere</strong></span> <span class='ocrx_word' id='word_1_209' title='bbox 2090 2353 2439 2442; x_wconf 88' lang='lat' dir='ltr'><strong>magnifici</strong></span> <span class='ocrx_word' id='word_1_210' title='bbox 2472 2353 2732 2420; x_wconf 89' lang='lat' dir='ltr'><strong>domini</strong></span> <span class='ocrx_word' id='word_1_211' title='bbox 2777 2354 3185 2421; x_wconf 89' lang='lat' dir='ltr'><strong>Petrimarie</strong></span> <span class='ocrx_word' id='word_1_212' title='bbox 3220 2355 3313 2422; x_wconf 88' lang='lat' dir='ltr'><strong>de</strong></span> <span class='ocrx_word' id='word_1_213' title='bbox 3341 2354 3612 2422; x_wconf 91' lang='lat' dir='ltr'><strong>Rubeis</strong></span> <span class='ocrx_word' id='word_1_214' title='bbox 3642 2352 4053 2442; x_wconf 88' lang='lat' dir='ltr'><strong>allogiantes</strong></span> 
     </span>
     <span class='ocr_line' id='line_1_24' title="bbox 346 2459 4051 2547; baseline 0 -22"><span class='ocrx_word' id='word_1_215' title='bbox 346 2460 412 2524; x_wconf 89' lang='lat' dir='ltr'><strong>in</strong></span> <span class='ocrx_word' id='word_1_216' title='bbox 450 2459 704 2527; x_wconf 89' lang='lat' dir='ltr'><strong>Sancto</strong></span> <span class='ocrx_word' id='word_1_217' title='bbox 754 2460 1084 2528; x_wconf 88' lang='lat' dir='ltr'><strong>Secundo</strong></span> <span class='ocrx_word' id='word_1_218' title='bbox 1129 2482 1347 2547; x_wconf 91' lang='lat' dir='ltr'><strong>penes</strong></span> <span class='ocrx_word' id='word_1_219' title='bbox 1388 2482 1758 2547; x_wconf 88' lang='lat' dir='ltr'><strong>personam</strong></span> <span class='ocrx_word' id='word_1_220' title='bbox 1803 2481 2017 2541; x_wconf 85' lang='lat' dir='ltr'><strong>suam,</strong></span> <span class='ocrx_word' id='word_1_221' title='bbox 2050 2461 2373 2527; x_wconf 84' lang='lat' dir='ltr'><strong>fecerunt</strong></span> <span class='ocrx_word' id='word_1_222' title='bbox 2416 2461 2781 2527; x_wconf 83' lang='lat' dir='ltr'><strong>maximam</strong></span> <span class='ocrx_word' id='word_1_223' title='bbox 2811 2459 3273 2528; x_wconf 85' lang='lat' dir='ltr'><strong>incursionem</strong></span> <span class='ocrx_word' id='word_1_224' title='bbox 3302 2461 3375 2528; x_wconf 91' lang='lat' dir='ltr'><strong>in</strong></span> <span class='ocrx_word' id='word_1_225' title='bbox 3403 2461 3745 2530; x_wconf 85' lang='lat' dir='ltr'><strong>territorio</strong></span> <span class='ocrx_word' id='word_1_226' title='bbox 3790 2460 4018 2526; x_wconf 88' lang='lat' dir='ltr'><strong>Fonta</strong></span> <span class='ocrx_word' id='word_1_227' title='bbox 4037 2491 4051 2502; x_wconf 94' lang='lat'><strong>·</strong></span> 
     </span>
     <span class='ocr_line' id='line_1_25' title="bbox 342 2566 2803 2656; baseline 0.001 -24"><span class='ocrx_word' id='word_1_228' title='bbox 342 2567 577 2646; x_wconf 87' lang='lat' dir='ltr'><strong>nelate,</strong></span> <span class='ocrx_word' id='word_1_229' title='bbox 625 2567 746 2634; x_wconf 91' lang='lat' dir='ltr'><strong>ubi</strong></span> <span class='ocrx_word' id='word_1_230' title='bbox 789 2568 1142 2656; x_wconf 88' lang='lat' dir='ltr'><strong>ingentem</strong></span> <span class='ocrx_word' id='word_1_231' title='bbox 1187 2568 1477 2655; x_wconf 89' lang='lat' dir='ltr'><strong>predam</strong></span> <span class='ocrx_word' id='word_1_232' title='bbox 1506 2566 1877 2634; x_wconf 89' lang='lat' dir='ltr'><strong>bestiarum</strong></span> <span class='ocrx_word' id='word_1_233' title='bbox 1922 2568 2414 2656; x_wconf 89' lang='lat' dir='ltr'><strong>hominumque</strong></span> <span class='ocrx_word' id='word_1_234' title='bbox 2461 2568 2803 2634; x_wconf 82' lang='lat' dir='ltr'><strong>fecerunt.</strong></span> 
     </span>
    </p>

    <p class='ocr_par' dir='ltr' id='par_1_15' title="bbox 503 2672 4044 2765">
     <span class='ocr_line' id='line_1_26' title="bbox 503 2672 4044 2765; baseline -0 -25"><span class='ocrx_word' id='word_1_235' title='bbox 503 2674 862 2762; x_wconf 89' lang='lat' dir='ltr'><strong>Vigesimo</strong></span> <span class='ocrx_word' id='word_1_236' title='bbox 909 2674 1149 2762; x_wconf 88' lang='lat' dir='ltr'><strong>quinto</strong></span> <span class='ocrx_word' id='word_1_237' title='bbox 1195 2696 1356 2764; x_wconf 85' lang='lat' dir='ltr'><strong>may</strong></span> <span class='ocrx_word' id='word_1_238' title='bbox 1400 2674 1803 2765; x_wconf 88' lang='lat' dir='ltr'><strong>magnificus</strong></span> <span class='ocrx_word' id='word_1_239' title='bbox 1852 2694 2089 2741; x_wconf 90' lang='lat' dir='ltr'><strong>comes</strong></span> <span class='ocrx_word' id='word_1_240' title='bbox 2131 2672 2501 2741; x_wconf 85' lang='lat' dir='ltr'><strong>Amoratus</strong></span> <span class='ocrx_word' id='word_1_241' title='bbox 2545 2674 2888 2755; x_wconf 89' lang='lat' dir='ltr'><strong>Torellus,</strong></span> <span class='ocrx_word' id='word_1_242' title='bbox 2936 2676 3053 2763; x_wconf 90' lang='lat' dir='ltr'><strong>qui</strong></span> <span class='ocrx_word' id='word_1_243' title='bbox 3097 2688 3370 2743; x_wconf 85' lang='lat' dir='ltr'><strong>secrete</strong></span> <span class='ocrx_word' id='word_1_244' title='bbox 3413 2675 3830 2763; x_wconf 87' lang='lat' dir='ltr'><strong>stipendium</strong></span> <span class='ocrx_word' id='word_1_245' title='bbox 3861 2694 4044 2739; x_wconf 86' lang='lat' dir='ltr'><strong>sum-</strong></span> 
     </span>
    </p>

    <p class='ocr_par' dir='ltr' id='par_1_16' title="bbox 220 2781 4047 3299">
     <span class='ocr_line' id='line_1_27' title="bbox 220 2781 4046 2871; baseline 0 -25"><span class='ocrx_word' id='word_1_246' title='bbox 220 2782 297 2846; x_wconf 86' lang='lat'><strong>20</strong></span> <span class='ocrx_word' id='word_1_247' title='bbox 332 2792 560 2867; x_wconf 88' lang='lat' dir='ltr'><strong>pserat</strong></span> <span class='ocrx_word' id='word_1_248' title='bbox 582 2803 629 2848; x_wconf 90' lang='lat' dir='ltr'><strong>a</strong></span> <span class='ocrx_word' id='word_1_249' title='bbox 649 2781 958 2848; x_wconf 89' lang='lat' dir='ltr'><strong>dominio</strong></span> <span class='ocrx_word' id='word_1_250' title='bbox 990 2782 1417 2848; x_wconf 88' lang='lat' dir='ltr'><strong>Venetorum</strong></span> <span class='ocrx_word' id='word_1_251' title='bbox 1443 2804 1600 2848; x_wconf 92' lang='lat' dir='ltr'><strong>cum</strong></span> <span class='ocrx_word' id='word_1_252' title='bbox 1622 2781 2015 2869; x_wconf 87' lang='lat' dir='ltr'><strong>provisione</strong></span> <span class='ocrx_word' id='word_1_253' title='bbox 2049 2801 2276 2847; x_wconf 89' lang='lat' dir='ltr'><strong>annua</strong></span> <span class='ocrx_word' id='word_1_254' title='bbox 2299 2781 2701 2847; x_wconf 87' lang='lat' dir='ltr'><strong>ducatorum</strong></span> <span class='ocrx_word' id='word_1_255' title='bbox 2734 2781 3106 2849; x_wconf 91' lang='lat' dir='ltr'><strong>duodecim</strong></span> <span class='ocrx_word' id='word_1_256' title='bbox 3134 2783 3419 2850; x_wconf 91' lang='lat' dir='ltr'><strong>millium</strong></span> <span class='ocrx_word' id='word_1_257' title='bbox 3451 2795 3522 2850; x_wconf 89' lang='lat' dir='ltr'><strong>et</strong></span> <span class='ocrx_word' id='word_1_258' title='bbox 3551 2783 4046 2871; x_wconf 88' lang='lat' dir='ltr'><strong>armigerorum</strong></span> 
     </span>
     <span class='ocr_line' id='line_1_28' title="bbox 336 2884 4043 2978; baseline 0 -26"><span class='ocrx_word' id='word_1_259' title='bbox 336 2900 630 2968; x_wconf 88' lang='lat' dir='ltr'><strong>centum,</strong></span> <span class='ocrx_word' id='word_1_260' title='bbox 675 2900 752 2954; x_wconf 89' lang='lat' dir='ltr'><strong>ut</strong></span> <span class='ocrx_word' id='word_1_261' title='bbox 794 2908 871 2953; x_wconf 89' lang='lat' dir='ltr'><strong>se</strong></span> <span class='ocrx_word' id='word_1_262' title='bbox 916 2889 1238 2978; x_wconf 86' lang='lat' dir='ltr'><strong>jungeret</strong></span> <span class='ocrx_word' id='word_1_263' title='bbox 1282 2908 1440 2955; x_wconf 91' lang='lat' dir='ltr'><strong>com</strong></span> <span class='ocrx_word' id='word_1_264' title='bbox 1487 2888 1856 2977; x_wconf 87' lang='lat' dir='ltr'><strong>magnifico</strong></span> <span class='ocrx_word' id='word_1_265' title='bbox 1904 2888 2185 2954; x_wconf 90' lang='lat' dir='ltr'><strong>domino</strong></span> <span class='ocrx_word' id='word_1_266' title='bbox 2232 2887 2553 2955; x_wconf 89' lang='lat' dir='ltr'><strong>Guidone</strong></span> <span class='ocrx_word' id='word_1_267' title='bbox 2601 2888 2879 2969; x_wconf 91' lang='lat' dir='ltr'><strong>Rube0,</strong></span> <span class='ocrx_word' id='word_1_268' title='bbox 2922 2888 3064 2977; x_wconf 89' lang='lat' dir='ltr'><strong>jam</strong></span> <span class='ocrx_word' id='word_1_269' title='bbox 3095 2890 3324 2958; x_wconf 88' lang='lat' dir='ltr'><strong>multis</strong></span> <span class='ocrx_word' id='word_1_270' title='bbox 3354 2890 3665 2958; x_wconf 86' lang='lat' dir='ltr'><strong>decursis</strong></span> <span class='ocrx_word' id='word_1_271' title='bbox 3695 2884 4043 2955; x_wconf 87' lang='lat' dir='ltr'><strong>mensibus</strong></span> 
     </span>
     <span class='ocr_line' id='line_1_29' title="bbox 327 2993 4047 3084; baseline 0 -25"><span class='ocrx_word' id='word_1_272' title='bbox 327 2995 635 3062; x_wconf 86' lang='lat' dir='ltr'><strong>notitiam</strong></span> <span class='ocrx_word' id='word_1_273' title='bbox 682 2995 967 3075; x_wconf 89' lang='lat' dir='ltr'><strong>habens,</strong></span> <span class='ocrx_word' id='word_1_274' title='bbox 1018 3007 1249 3062; x_wconf 89' lang='lat' dir='ltr'><strong>certos</strong></span> <span class='ocrx_word' id='word_1_275' title='bbox 1291 3007 1719 3062; x_wconf 89' lang='lat' dir='ltr'><strong>mercatores</strong></span> <span class='ocrx_word' id='word_1_276' title='bbox 1763 2993 2204 3062; x_wconf 91' lang='lat' dir='ltr'><strong>Florentinos</strong></span> <span class='ocrx_word' id='word_1_277' title='bbox 2251 3016 2293 3060; x_wconf 92' lang='lat' dir='ltr'><strong>a</strong></span> <span class='ocrx_word' id='word_1_278' title='bbox 2334 2994 2578 3061; x_wconf 92' lang='lat' dir='ltr'><strong>Leone</strong></span> <span class='ocrx_word' id='word_1_279' title='bbox 2624 2995 3028 3063; x_wconf 89' lang='lat' dir='ltr'><strong>transituros</strong></span> <span class='ocrx_word' id='word_1_280' title='bbox 3058 2996 3150 3064; x_wconf 89' lang='lat' dir='ltr'><strong>ad</strong></span> <span class='ocrx_word' id='word_1_281' title='bbox 3179 3009 3460 3084; x_wconf 91' lang='lat' dir='ltr'><strong>pontem</strong></span> <span class='ocrx_word' id='word_1_282' title='bbox 3492 2997 3769 3075; x_wconf 90' lang='lat' dir='ltr'><strong>Hentie,</strong></span> <span class='ocrx_word' id='word_1_283' title='bbox 3818 2993 4047 3061; x_wconf 90' lang='lat' dir='ltr'><strong>noctis</strong></span> 
     </span>
     <span class='ocr_line' id='line_1_30' title="bbox 326 3101 4038 3190; baseline -0 -23"><span class='ocrx_word' id='word_1_284' title='bbox 326 3114 640 3188; x_wconf 91' lang='lat' dir='ltr'><strong>tempore</strong></span> <span class='ocrx_word' id='word_1_285' title='bbox 686 3122 811 3168; x_wconf 90' lang='lat' dir='ltr'><strong>eos</strong></span> <span class='ocrx_word' id='word_1_286' title='bbox 852 3103 1114 3189; x_wconf 89' lang='lat' dir='ltr'><strong>reperit</strong></span> <span class='ocrx_word' id='word_1_287' title='bbox 1158 3122 1313 3169; x_wconf 92' lang='lat' dir='ltr'><strong>com</strong></span> <span class='ocrx_word' id='word_1_288' title='bbox 1358 3102 1585 3168; x_wconf 91' lang='lat' dir='ltr'><strong>mullis</strong></span> <span class='ocrx_word' id='word_1_289' title='bbox 1614 3105 1700 3168; x_wconf 82' lang='lat'><strong>24</strong></span> <span class='ocrx_word' id='word_1_290' title='bbox 1753 3101 2011 3168; x_wconf 87' lang='lat' dir='ltr'><strong>onustis</strong></span> <span class='ocrx_word' id='word_1_291' title='bbox 2054 3101 2501 3168; x_wconf 88' lang='lat' dir='ltr'><strong>descendisse</strong></span> <span class='ocrx_word' id='word_1_292' title='bbox 2549 3101 2643 3168; x_wconf 86' lang='lat' dir='ltr'><strong>ad</strong></span> <span class='ocrx_word' id='word_1_293' title='bbox 2688 3124 2882 3169; x_wconf 87' lang='lat' dir='ltr'><strong>suum</strong></span> <span class='ocrx_word' id='word_1_294' title='bbox 2942 3103 3310 3190; x_wconf 89' lang='lat' dir='ltr'><strong>hospitium</strong></span> <span class='ocrx_word' id='word_1_295' title='bbox 3353 3104 3426 3170; x_wconf 92' lang='lat' dir='ltr'><strong>in</strong></span> <span class='ocrx_word' id='word_1_296' title='bbox 3484 3115 3698 3190; x_wconf 91' lang='lat' dir='ltr'><strong>ponte</strong></span> <span class='ocrx_word' id='word_1_297' title='bbox 3762 3101 4038 3180; x_wconf 90' lang='lat' dir='ltr'><strong>Hentie,</strong></span> 
     </span>
     <span class='ocr_line' id='line_1_31' title="bbox 324 3195 4044 3299; baseline 0 -27"><span class='ocrx_word' id='word_1_298' title='bbox 324 3207 467 3294; x_wconf 87' lang='lat' dir='ltr'><strong>qui&#39;</strong></span> <span class='ocrx_word' id='word_1_299' title='bbox 514 3195 717 3274; x_wconf 86' lang='lat' dir='ltr'><strong>erant</strong></span> <span class='ocrx_word' id='word_1_300' title='bbox 760 3230 881 3275; x_wconf 81' lang='lat' dir='ltr'><strong>sex</strong></span> <span class='ocrx_word' id='word_1_301' title='bbox 900 3232 920 3287; x_wconf 84' lang='lat'><em>3</em></span> <span class='ocrx_word' id='word_1_302' title='bbox 970 3229 1092 3276; x_wconf 89' lang='lat' dir='ltr'><strong>eos</strong></span> <span class='ocrx_word' id='word_1_303' title='bbox 1139 3228 1374 3274; x_wconf 89' lang='lat' dir='ltr'><strong>omnes</strong></span> <span class='ocrx_word' id='word_1_304' title='bbox 1421 3228 1575 3274; x_wconf 92' lang='lat' dir='ltr'><strong>com</strong></span> <span class='ocrx_word' id='word_1_305' title='bbox 1619 3207 1845 3274; x_wconf 91' lang='lat' dir='ltr'><strong>mullis</strong></span> <span class='ocrx_word' id='word_1_306' title='bbox 1876 3220 1945 3274; x_wconf 92' lang='lat' dir='ltr'><strong>et</strong></span> <span class='ocrx_word' id='word_1_307' title='bbox 1988 3208 2384 3299; x_wconf 84' lang='lat' dir='ltr'><strong>mercantijs</strong></span> <span class='ocrx_word' id='word_1_308' title='bbox 2432 3208 2619 3295; x_wconf 91' lang='lat' dir='ltr'><strong>cepit</strong></span> <span class='ocrx_word' id='word_1_309' title='bbox 2664 3220 2734 3274; x_wconf 91' lang='lat' dir='ltr'><strong>et</strong></span> <span class='ocrx_word' id='word_1_310' title='bbox 2779 3207 2972 3276; x_wconf 80' lang='lat' dir='ltr'><strong>duxit</strong></span> <span class='ocrx_word' id='word_1_311' title='bbox 3012 3208 3088 3274; x_wconf 92' lang='lat' dir='ltr'><strong>in</strong></span> <span class='ocrx_word' id='word_1_312' title='bbox 3119 3205 3512 3275; x_wconf 88' lang='lat' dir='ltr'><strong>carceribus</strong></span> <span class='ocrx_word' id='word_1_313' title='bbox 3542 3205 4044 3286; x_wconf 90' lang='lat' dir='ltr'><strong>Basilicenove,</strong></span> 
     </span>
    </p>

    <p class='ocr_par' dir='ltr' id='par_1_17' title="bbox 206 3312 4047 3833">
     <span class='ocr_line' id='line_1_32' title="bbox 206 3312 4042 3403; baseline 0.001 -26"><span class='ocrx_word' id='word_1_314' title='bbox 206 3312 279 3378; x_wconf 81' lang='lat'><strong>25</strong></span> <span class='ocrx_word' id='word_1_315' title='bbox 323 3314 719 3402; x_wconf 89' lang='lat' dir='ltr'><strong>reperitque</strong></span> <span class='ocrx_word' id='word_1_316' title='bbox 768 3335 890 3381; x_wconf 90' lang='lat' dir='ltr'><strong>eos</strong></span> <span class='ocrx_word' id='word_1_317' title='bbox 933 3313 1192 3381; x_wconf 89' lang='lat' dir='ltr'><strong>habere</strong></span> <span class='ocrx_word' id='word_1_318' title='bbox 1238 3314 1312 3380; x_wconf 90' lang='lat' dir='ltr'><strong>in</strong></span> <span class='ocrx_word' id='word_1_319' title='bbox 1356 3334 1526 3381; x_wconf 89' lang='lat' dir='ltr'><strong>auro</strong></span> <span class='ocrx_word' id='word_1_320' title='bbox 1570 3315 1861 3381; x_wconf 90' lang='lat' dir='ltr'><strong>ducatos</strong></span> <span class='ocrx_word' id='word_1_321' title='bbox 1917 3335 2041 3380; x_wconf 80' lang='lat' dir='ltr'><strong>sex</strong></span> <span class='ocrx_word' id='word_1_322' title='bbox 2102 3313 2287 3380; x_wconf 92' lang='lat' dir='ltr'><strong>mille</strong></span> <span class='ocrx_word' id='word_1_323' title='bbox 2350 3314 2499 3381; x_wconf 91' lang='lat' dir='ltr'><strong>auri</strong></span> <span class='ocrx_word' id='word_1_324' title='bbox 2560 3327 2630 3381; x_wconf 91' lang='lat' dir='ltr'><strong>et</strong></span> <span class='ocrx_word' id='word_1_325' title='bbox 2673 3314 3012 3403; x_wconf 90' lang='lat' dir='ltr'><strong>reliquum</strong></span> <span class='ocrx_word' id='word_1_326' title='bbox 3053 3314 3582 3382; x_wconf 88' lang='lat' dir='ltr'><strong>mercantiarum</strong></span> <span class='ocrx_word' id='word_1_327' title='bbox 3630 3335 3778 3381; x_wconf 85' lang='lat' dir='ltr'><strong>esse</strong></span> <span class='ocrx_word' id='word_1_328' title='bbox 3824 3312 4042 3401; x_wconf 88' lang='lat' dir='ltr'><strong>precij</strong></span> 
     </span>
     <span class='ocr_line' id='line_1_33' title="bbox 323 3420 4041 3510; baseline -0 -23"><span class='ocrx_word' id='word_1_329' title='bbox 323 3421 569 3488; x_wconf 91' lang='lat' dir='ltr'><strong>decem</strong></span> <span class='ocrx_word' id='word_1_330' title='bbox 616 3422 806 3487; x_wconf 89' lang='lat' dir='ltr'><strong>mille</strong></span> <span class='ocrx_word' id='word_1_331' title='bbox 854 3442 1234 3489; x_wconf 88' lang='lat' dir='ltr'><strong>aureorum.</strong></span> <span class='ocrx_word' id='word_1_332' title='bbox 1325 3422 1418 3488; x_wconf 91' lang='lat' dir='ltr'><strong>Et</strong></span> <span class='ocrx_word' id='word_1_333' title='bbox 1463 3422 1602 3489; x_wconf 89' lang='lat' dir='ltr'><strong>hoc</strong></span> <span class='ocrx_word' id='word_1_334' title='bbox 1645 3443 1774 3509; x_wconf 92' lang='lat' dir='ltr'><strong>per</strong></span> <span class='ocrx_word' id='word_1_335' title='bbox 1819 3442 1977 3487; x_wconf 91' lang='lat' dir='ltr'><strong>eum</strong></span> <span class='ocrx_word' id='word_1_336' title='bbox 2022 3434 2249 3488; x_wconf 86' lang='lat' dir='ltr'><strong>actum</strong></span> <span class='ocrx_word' id='word_1_337' title='bbox 2296 3434 2420 3500; x_wconf 89' lang='lat' dir='ltr'><strong>est,</strong></span> <span class='ocrx_word' id='word_1_338' title='bbox 2454 3421 2776 3510; x_wconf 91' lang='lat' dir='ltr'><strong>quoniam</strong></span> <span class='ocrx_word' id='word_1_339' title='bbox 2806 3444 2935 3510; x_wconf 92' lang='lat' dir='ltr'><strong>per</strong></span> <span class='ocrx_word' id='word_1_340' title='bbox 2962 3435 3255 3490; x_wconf 91' lang='lat' dir='ltr'><strong>mortem</strong></span> <span class='ocrx_word' id='word_1_341' title='bbox 3306 3422 3564 3489; x_wconf 90' lang='lat' dir='ltr'><strong>domini</strong></span> <span class='ocrx_word' id='word_1_342' title='bbox 3612 3421 3896 3509; x_wconf 91' lang='lat' dir='ltr'><strong>Spinete</strong></span> <span class='ocrx_word' id='word_1_343' title='bbox 3949 3420 4041 3487; x_wconf 91' lang='lat' dir='ltr'><strong>de</strong></span> 
     </span>
     <span class='ocr_line' id='line_1_34' title="bbox 320 3527 4047 3617; baseline 0 -24"><span class='ocrx_word' id='word_1_344' title='bbox 320 3528 654 3595; x_wconf 86' lang='lat' dir='ltr'><strong>Fivizano</strong></span> <span class='ocrx_word' id='word_1_345' title='bbox 700 3528 1082 3597; x_wconf 90' lang='lat' dir='ltr'><strong>Florentini</strong></span> <span class='ocrx_word' id='word_1_346' title='bbox 1127 3529 1551 3597; x_wconf 83' lang='lat' dir='ltr'><strong>intraverant</strong></span> <span class='ocrx_word' id='word_1_347' title='bbox 1610 3529 1701 3596; x_wconf 95' lang='lat' dir='ltr'><strong>ad</strong></span> <span class='ocrx_word' id='word_1_348' title='bbox 1760 3528 2262 3616; x_wconf 88' lang='lat' dir='ltr'><strong>possessionem</strong></span> <span class='ocrx_word' id='word_1_349' title='bbox 2326 3542 2703 3596; x_wconf 89' lang='lat' dir='ltr'><strong>castrorum</strong></span> <span class='ocrx_word' id='word_1_350' title='bbox 2765 3530 2934 3597; x_wconf 91' lang='lat' dir='ltr'><strong>dicti</strong></span> <span class='ocrx_word' id='word_1_351' title='bbox 2994 3528 3252 3597; x_wconf 88' lang='lat' dir='ltr'><strong>domini</strong></span> <span class='ocrx_word' id='word_1_352' title='bbox 3316 3529 3621 3617; x_wconf 90' lang='lat' dir='ltr'><strong>Spinete,</strong></span> <span class='ocrx_word' id='word_1_353' title='bbox 3670 3551 3804 3617; x_wconf 89' lang='lat' dir='ltr'><strong>que</strong></span> <span class='ocrx_word' id='word_1_354' title='bbox 3861 3527 4047 3594; x_wconf 91' lang='lat' dir='ltr'><strong>idem</strong></span> 
     </span>
     <span class='ocr_line' id='line_1_35' title="bbox 322 3634 4047 3723; baseline 0 -22"><span class='ocrx_word' id='word_1_355' title='bbox 322 3653 557 3702; x_wconf 90' lang='lat' dir='ltr'><strong>comes</strong></span> <span class='ocrx_word' id='word_1_356' title='bbox 600 3634 974 3702; x_wconf 87' lang='lat' dir='ltr'><strong>Amoratus</strong></span> <span class='ocrx_word' id='word_1_357' title='bbox 1004 3636 1094 3702; x_wconf 92' lang='lat' dir='ltr'><strong>ad</strong></span> <span class='ocrx_word' id='word_1_358' title='bbox 1122 3656 1409 3702; x_wconf 87' lang='lat' dir='ltr'><strong>uxorem</strong></span> <span class='ocrx_word' id='word_1_359' title='bbox 1439 3657 1630 3702; x_wconf 88' lang='lat' dir='ltr'><strong>suam</strong></span> <span class='ocrx_word' id='word_1_360' title='bbox 1660 3636 1867 3702; x_wconf 89' lang='lat' dir='ltr'><strong>filiam</strong></span> <span class='ocrx_word' id='word_1_361' title='bbox 1900 3636 2199 3703; x_wconf 91' lang='lat' dir='ltr'><strong>condam</strong></span> <span class='ocrx_word' id='word_1_362' title='bbox 2229 3636 2398 3702; x_wconf 89' lang='lat' dir='ltr'><strong>dicti</strong></span> <span class='ocrx_word' id='word_1_363' title='bbox 2443 3635 2704 3702; x_wconf 87' lang='lat' dir='ltr'><strong>domini</strong></span> <span class='ocrx_word' id='word_1_364' title='bbox 2750 3635 3036 3723; x_wconf 91' lang='lat' dir='ltr'><strong>Spinete</strong></span> <span class='ocrx_word' id='word_1_365' title='bbox 3081 3636 3430 3723; x_wconf 90' lang='lat' dir='ltr'><strong>pertinere</strong></span> <span class='ocrx_word' id='word_1_366' title='bbox 3478 3634 3848 3714; x_wconf 87' lang='lat' dir='ltr'><strong>asserebat,</strong></span> <span class='ocrx_word' id='word_1_367' title='bbox 3894 3646 4047 3701; x_wconf 89' lang='lat' dir='ltr'><strong>tan-</strong></span> 
     </span>
     <span class='ocr_line' id='line_1_36' title="bbox 320 3742 4044 3833; baseline 0 -26"><span class='ocrx_word' id='word_1_368' title='bbox 320 3763 522 3828; x_wconf 91' lang='lat' dir='ltr'><strong>quam</strong></span> <span class='ocrx_word' id='word_1_369' title='bbox 552 3742 804 3809; x_wconf 88' lang='lat' dir='ltr'><strong>mortui</strong></span> <span class='ocrx_word' id='word_1_370' title='bbox 856 3743 1001 3808; x_wconf 90' lang='lat' dir='ltr'><strong>sine</strong></span> <span class='ocrx_word' id='word_1_371' title='bbox 1047 3742 1250 3833; x_wconf 84' lang='lat' dir='ltr'><strong>fillijs.</strong></span> <span class='ocrx_word' id='word_1_372' title='bbox 1340 3743 1449 3808; x_wconf 93' lang='lat' dir='ltr'><strong>De</strong></span> <span class='ocrx_word' id='word_1_373' title='bbox 1496 3762 1634 3831; x_wconf 91' lang='lat' dir='ltr'><strong>quo</strong></span> <span class='ocrx_word' id='word_1_374' title='bbox 1676 3742 1972 3808; x_wconf 78' lang='lat' dir='ltr'><strong>maxima</strong></span> <span class='ocrx_word' id='word_1_375' title='bbox 2002 3742 2310 3830; x_wconf 86' lang='lat' dir='ltr'><strong>querella</strong></span> <span class='ocrx_word' id='word_1_376' title='bbox 2355 3763 2398 3808; x_wconf 98' lang='lat' dir='ltr'><strong>a</strong></span> <span class='ocrx_word' id='word_1_377' title='bbox 2441 3742 2858 3809; x_wconf 88' lang='lat' dir='ltr'><strong>Florentinis</strong></span> <span class='ocrx_word' id='word_1_378' title='bbox 2889 3743 3081 3810; x_wconf 78' lang='lat' dir='ltr'><strong>facta</strong></span> <span class='ocrx_word' id='word_1_379' title='bbox 3109 3755 3213 3809; x_wconf 91' lang='lat' dir='ltr'><strong>est</strong></span> <span class='ocrx_word' id='word_1_380' title='bbox 3241 3742 3648 3823; x_wconf 82' lang='lat' dir='ltr'><strong>Mediolani,</strong></span> <span class='ocrx_word' id='word_1_381' title='bbox 3679 3743 3850 3808; x_wconf 87' lang='lat' dir='ltr'><strong>nihil</strong></span> <span class='ocrx_word' id='word_1_382' title='bbox 3880 3761 4044 3829; x_wconf 90' lang='lat' dir='ltr'><strong>pro-</strong></span> 
     </span>
    </p>

    <p class='ocr_par' dir='ltr' id='par_1_18' title="bbox 206 3847 4044 4148">
     <span class='ocr_line' id='line_1_37' title="bbox 206 3847 4044 3937; baseline 0.001 -25"><span class='ocrx_word' id='word_1_383' title='bbox 206 3848 282 3912; x_wconf 79' lang='lat'><strong>30</strong></span> <span class='ocrx_word' id='word_1_384' title='bbox 322 3848 580 3916; x_wconf 89' lang='lat' dir='ltr'><strong>ficiens.</strong></span> <span class='ocrx_word' id='word_1_385' title='bbox 644 3850 940 3937; x_wconf 88' lang='lat' dir='ltr'><strong>Ipseque</strong></span> <span class='ocrx_word' id='word_1_386' title='bbox 974 3869 1207 3917; x_wconf 89' lang='lat' dir='ltr'><strong>comes</strong></span> <span class='ocrx_word' id='word_1_387' title='bbox 1232 3847 1602 3915; x_wconf 87' lang='lat' dir='ltr'><strong>Amoratus</strong></span> <span class='ocrx_word' id='word_1_388' title='bbox 1633 3848 1857 3916; x_wconf 91' lang='lat' dir='ltr'><strong>dictos</strong></span> <span class='ocrx_word' id='word_1_389' title='bbox 1886 3848 2324 3916; x_wconf 89' lang='lat' dir='ltr'><strong>Florentinos</strong></span> <span class='ocrx_word' id='word_1_390' title='bbox 2355 3848 2738 3915; x_wconf 87' lang='lat' dir='ltr'><strong>carceravit</strong></span> <span class='ocrx_word' id='word_1_391' title='bbox 2766 3849 3014 3935; x_wconf 90' lang='lat' dir='ltr'><strong>partim</strong></span> <span class='ocrx_word' id='word_1_392' title='bbox 3043 3849 3116 3915; x_wconf 92' lang='lat' dir='ltr'><strong>in</strong></span> <span class='ocrx_word' id='word_1_393' title='bbox 3144 3849 3746 3929; x_wconf 78' lang='lat' dir='ltr'><strong>MonteclericuIO,</strong></span> <span class='ocrx_word' id='word_1_394' title='bbox 3795 3848 4044 3935; x_wconf 90' lang='lat' dir='ltr'><strong>partim</strong></span> 
     </span>
     <span class='ocr_line' id='line_1_38' title="bbox 322 3954 4044 4036; baseline 0 -17"><span class='ocrx_word' id='word_1_395' title='bbox 322 3954 393 4019; x_wconf 88' lang='lat' dir='ltr'><strong>in</strong></span> <span class='ocrx_word' id='word_1_396' title='bbox 434 3955 844 4035; x_wconf 90' lang='lat' dir='ltr'><strong>Tureclara,</strong></span> <span class='ocrx_word' id='word_1_397' title='bbox 892 3954 1168 4022; x_wconf 87' lang='lat' dir='ltr'><strong>talleam</strong></span> <span class='ocrx_word' id='word_1_398' title='bbox 1213 3956 1540 4023; x_wconf 84' lang='lat' dir='ltr'><strong>facturos.</strong></span> <span class='ocrx_word' id='word_1_399' title='bbox 1632 3955 1955 4022; x_wconf 91' lang='lat' dir='ltr'><strong>Necdum</strong></span> <span class='ocrx_word' id='word_1_400' title='bbox 1985 3955 2201 4022; x_wconf 89' lang='lat' dir='ltr'><strong>voluit</strong></span> <span class='ocrx_word' id='word_1_401' title='bbox 2242 3977 2318 4022; x_wconf 92' lang='lat' dir='ltr'><strong>se</strong></span> <span class='ocrx_word' id='word_1_402' title='bbox 2365 3954 2789 4022; x_wconf 88' lang='lat' dir='ltr'><strong>demostrare</strong></span> <span class='ocrx_word' id='word_1_403' title='bbox 2838 3956 3337 4024; x_wconf 87' lang='lat' dir='ltr'><strong>conductorem</strong></span> <span class='ocrx_word' id='word_1_404' title='bbox 3379 3955 3832 4036; x_wconf 89' lang='lat' dir='ltr'><strong>Venetorum,</strong></span> <span class='ocrx_word' id='word_1_405' title='bbox 3880 3954 4044 4020; x_wconf 88' lang='lat' dir='ltr'><strong>licet</strong></span> 
     </span>
     <span class='ocr_line' id='line_1_39' title="bbox 321 4061 1017 4148; baseline 0.001 -20"><span class='ocrx_word' id='word_1_406' title='bbox 321 4061 599 4148; x_wconf 87' lang='lat' dir='ltr'><strong>publice</strong></span> <span class='ocrx_word' id='word_1_407' title='bbox 648 4062 1017 4129; x_wconf 88' lang='lat' dir='ltr'><strong>diceretur.</strong></span> 
     </span>
    </p>

    <p class='ocr_par' dir='ltr' id='par_1_19' title="bbox 325 4167 4046 4364">
     <span class='ocr_line' id='line_1_40' title="bbox 495 4167 4043 4261; baseline -0.001 -24"><span class='ocrx_word' id='word_1_408' title='bbox 495 4168 860 4257; x_wconf 77' lang='lat' dir='ltr'><strong>vigesimo</strong></span> <span class='ocrx_word' id='word_1_409' title='bbox 906 4182 1100 4236; x_wconf 85' lang='lat' dir='ltr'><strong>sexto</strong></span> <span class='ocrx_word' id='word_1_410' title='bbox 1144 4191 1305 4261; x_wconf 85' lang='lat' dir='ltr'><strong>may</strong></span> <span class='ocrx_word' id='word_1_411' title='bbox 1364 4182 1607 4259; x_wconf 86' lang='lat' dir='ltr'><strong>gentes</strong></span> <span class='ocrx_word' id='word_1_412' title='bbox 1668 4169 2003 4259; x_wconf 89' lang='lat' dir='ltr'><strong>armigere</strong></span> <span class='ocrx_word' id='word_1_413' title='bbox 2065 4168 2413 4258; x_wconf 85' lang='lat' dir='ltr'><strong>magnifici</strong></span> <span class='ocrx_word' id='word_1_414' title='bbox 2475 4168 2731 4236; x_wconf 91' lang='lat' dir='ltr'><strong>domini</strong></span> <span class='ocrx_word' id='word_1_415' title='bbox 2784 4168 3188 4237; x_wconf 88' lang='lat' dir='ltr'><strong>Petrimarie</strong></span> <span class='ocrx_word' id='word_1_416' title='bbox 3248 4168 3482 4237; x_wconf 91' lang='lat' dir='ltr'><strong>Rubei</strong></span> <span class='ocrx_word' id='word_1_417' title='bbox 3541 4168 3906 4236; x_wconf 79' lang='lat' dir='ltr'><strong>maximam</strong></span> <span class='ocrx_word' id='word_1_418' title='bbox 3950 4167 4043 4234; x_wconf 90' lang='lat' dir='ltr'><strong>ad</strong></span> 
     </span>
     <span class='ocr_line' id='line_1_41' title="bbox 325 4275 4046 4364; baseline -0 -22"><span class='ocrx_word' id='word_1_419' title='bbox 325 4275 669 4342; x_wconf 85' lang='lat' dir='ltr'><strong>civitatem</strong></span> <span class='ocrx_word' id='word_1_420' title='bbox 715 4275 961 4342; x_wconf 91' lang='lat' dir='ltr'><strong>Parme</strong></span> <span class='ocrx_word' id='word_1_421' title='bbox 1006 4278 1328 4344; x_wconf 81' lang='lat' dir='ltr'><strong>fecerunt</strong></span> <span class='ocrx_word' id='word_1_422' title='bbox 1372 4277 1851 4357; x_wconf 89' lang='lat' dir='ltr'><strong>incursionem,</strong></span> <span class='ocrx_word' id='word_1_423' title='bbox 1896 4276 2016 4343; x_wconf 90' lang='lat' dir='ltr'><strong>ubi</strong></span> <span class='ocrx_word' id='word_1_424' title='bbox 2058 4278 2424 4345; x_wconf 83' lang='lat' dir='ltr'><strong>maximam</strong></span> <span class='ocrx_word' id='word_1_425' title='bbox 2471 4289 2826 4364; x_wconf 87' lang='lat' dir='ltr'><strong>capturam</strong></span> <span class='ocrx_word' id='word_1_426' title='bbox 2870 4279 3194 4344; x_wconf 77' lang='lat' dir='ltr'><strong>fecerunt</strong></span> <span class='ocrx_word' id='word_1_427' title='bbox 3247 4276 3599 4345; x_wconf 86' lang='lat' dir='ltr'><strong>hominum</strong></span> <span class='ocrx_word' id='word_1_428' title='bbox 3643 4275 4046 4343; x_wconf 90' lang='lat' dir='ltr'><strong>bestiarum-</strong></span> 
     </span>
    </p>

    <p class='ocr_par' dir='ltr' id='par_1_20' title="bbox 213 4378 1612 4471">
     <span class='ocr_line' id='line_1_42' title="bbox 213 4378 1612 4471; baseline 0.004 -26"><span class='ocrx_word' id='word_1_429' title='bbox 213 4378 284 4447; x_wconf 83' lang='lat'><strong>35</strong></span> <span class='ocrx_word' id='word_1_430' title='bbox 326 4403 453 4471; x_wconf 90' lang='lat' dir='ltr'><strong>que</strong></span> <span class='ocrx_word' id='word_1_431' title='bbox 502 4396 576 4449; x_wconf 90' lang='lat' dir='ltr'><strong>et</strong></span> <span class='ocrx_word' id='word_1_432' title='bbox 620 4395 768 4450; x_wconf 90' lang='lat' dir='ltr'><strong>tota</strong></span> <span class='ocrx_word' id='word_1_433' title='bbox 813 4383 1052 4451; x_wconf 89' lang='lat' dir='ltr'><strong>civitas</strong></span> <span class='ocrx_word' id='word_1_434' title='bbox 1094 4384 1228 4450; x_wconf 81' lang='lat' dir='ltr'><strong>fuit</strong></span> <span class='ocrx_word' id='word_1_435' title='bbox 1270 4384 1345 4449; x_wconf 90' lang='lat' dir='ltr'><strong>in</strong></span> <span class='ocrx_word' id='word_1_436' title='bbox 1390 4384 1612 4451; x_wconf 88' lang='lat' dir='ltr'><strong>armis.</strong></span> 
     </span>
    </p>

    <p class='ocr_par' dir='ltr' id='par_1_21' title="bbox 316 4488 4039 4898">
     <span class='ocr_line' id='line_1_43' title="bbox 490 4488 4025 4581; baseline 0 -25"><span class='ocrx_word' id='word_1_437' title='bbox 490 4491 654 4557; x_wconf 91' lang='lat' dir='ltr'><strong>Hoc</strong></span> <span class='ocrx_word' id='word_1_438' title='bbox 707 4503 1036 4578; x_wconf 92' lang='lat' dir='ltr'><strong>tempore,</strong></span> <span class='ocrx_word' id='word_1_439' title='bbox 1083 4511 1222 4579; x_wconf 92' lang='lat' dir='ltr'><strong>quo</strong></span> <span class='ocrx_word' id='word_1_440' title='bbox 1266 4491 1576 4577; x_wconf 85' lang='lat' dir='ltr'><strong>proxime</strong></span> <span class='ocrx_word' id='word_1_441' title='bbox 1624 4490 1813 4558; x_wconf 90' lang='lat' dir='ltr'><strong>dicta</strong></span> <span class='ocrx_word' id='word_1_442' title='bbox 1856 4491 2257 4581; x_wconf 87' lang='lat' dir='ltr'><strong>agebantur,</strong></span> <span class='ocrx_word' id='word_1_443' title='bbox 2306 4492 2496 4560; x_wconf 89' lang='lat' dir='ltr'><strong>cives</strong></span> <span class='ocrx_word' id='word_1_444' title='bbox 2541 4492 2790 4559; x_wconf 89' lang='lat' dir='ltr'><strong>Parme</strong></span> <span class='ocrx_word' id='word_1_445' title='bbox 2835 4492 3222 4559; x_wconf 88' lang='lat' dir='ltr'><strong>nullatenus</strong></span> <span class='ocrx_word' id='word_1_446' title='bbox 3268 4491 3616 4559; x_wconf 88' lang='lat' dir='ltr'><strong>audebant</strong></span> <span class='ocrx_word' id='word_1_447' title='bbox 3676 4489 3862 4558; x_wconf 84' lang='lat' dir='ltr'><strong>exire</strong></span> <span class='ocrx_word' id='word_1_448' title='bbox 3927 4488 4025 4556; x_wconf 89' lang='lat' dir='ltr'><strong>ci-</strong></span> 
     </span>
     <span class='ocr_line' id='line_1_44' title="bbox 321 4595 4037 4688; baseline -0 -25"><span class='ocrx_word' id='word_1_449' title='bbox 321 4595 620 4676; x_wconf 88' lang='lat' dir='ltr'><strong>vitatem,</strong></span> <span class='ocrx_word' id='word_1_450' title='bbox 667 4616 804 4663; x_wconf 90' lang='lat' dir='ltr'><strong>nec</strong></span> <span class='ocrx_word' id='word_1_451' title='bbox 846 4617 976 4684; x_wconf 90' lang='lat' dir='ltr'><strong>per</strong></span> <span class='ocrx_word' id='word_1_452' title='bbox 1021 4597 1334 4664; x_wconf 90' lang='lat' dir='ltr'><strong>collonos</strong></span> <span class='ocrx_word' id='word_1_453' title='bbox 1378 4617 1537 4665; x_wconf 91' lang='lat' dir='ltr'><strong>suos</strong></span> <span class='ocrx_word' id='word_1_454' title='bbox 1579 4598 1866 4678; x_wconf 90' lang='lat' dir='ltr'><strong>seccari,</strong></span> <span class='ocrx_word' id='word_1_455' title='bbox 1913 4619 2050 4666; x_wconf 92' lang='lat' dir='ltr'><strong>nec</strong></span> <span class='ocrx_word' id='word_1_456' title='bbox 2093 4599 2257 4666; x_wconf 89' lang='lat' dir='ltr'><strong>meti</strong></span> <span class='ocrx_word' id='word_1_457' title='bbox 2302 4601 2543 4666; x_wconf 80' lang='lat' dir='ltr'><strong>facere</strong></span> <span class='ocrx_word' id='word_1_458' title='bbox 2590 4599 2661 4665; x_wconf 92' lang='lat' dir='ltr'><strong>in</strong></span> <span class='ocrx_word' id='word_1_459' title='bbox 2693 4619 2863 4688; x_wconf 89' lang='lat' dir='ltr'><strong>agro</strong></span> <span class='ocrx_word' id='word_1_460' title='bbox 2895 4598 3250 4665; x_wconf 86' lang='lat' dir='ltr'><strong>Parmensi</strong></span> <span class='ocrx_word' id='word_1_461' title='bbox 3280 4611 3468 4665; x_wconf 83' lang='lat' dir='ltr'><strong>metu</strong></span> <span class='ocrx_word' id='word_1_462' title='bbox 3497 4598 3804 4688; x_wconf 89' lang='lat' dir='ltr'><strong>gentium</strong></span> <span class='ocrx_word' id='word_1_463' title='bbox 3836 4596 4037 4663; x_wconf 89' lang='lat' dir='ltr'><strong>armi-</strong></span> 
     </span>
     <span class='ocr_line' id='line_1_45' title="bbox 317 4703 4039 4796; baseline 0 -27"><span class='ocrx_word' id='word_1_464' title='bbox 317 4724 639 4791; x_wconf 91' lang='lat' dir='ltr'><strong>gerarum</strong></span> <span class='ocrx_word' id='word_1_465' title='bbox 686 4703 1204 4784; x_wconf 88' lang='lat' dir='ltr'><strong>antedictarum,</strong></span> <span class='ocrx_word' id='word_1_466' title='bbox 1252 4705 1437 4770; x_wconf 91' lang='lat' dir='ltr'><strong>unde</strong></span> <span class='ocrx_word' id='word_1_467' title='bbox 1485 4704 1842 4771; x_wconf 89' lang='lat' dir='ltr'><strong>credentia</strong></span> <span class='ocrx_word' id='word_1_468' title='bbox 1886 4705 2078 4771; x_wconf 84' lang='lat' dir='ltr'><strong>facta</strong></span> <span class='ocrx_word' id='word_1_469' title='bbox 2124 4705 2509 4796; x_wconf 88' lang='lat' dir='ltr'><strong>ellegerunt</strong></span> <span class='ocrx_word' id='word_1_470' title='bbox 2553 4706 2729 4773; x_wconf 87' lang='lat' dir='ltr'><strong>duos</strong></span> <span class='ocrx_word' id='word_1_471' title='bbox 2760 4718 3069 4773; x_wconf 87' lang='lat' dir='ltr'><strong>oratores</strong></span> <span class='ocrx_word' id='word_1_472' title='bbox 3100 4706 3188 4772; x_wconf 94' lang='lat' dir='ltr'><strong>de</strong></span> <span class='ocrx_word' id='word_1_473' title='bbox 3220 4706 3522 4794; x_wconf 89' lang='lat' dir='ltr'><strong>squadra</strong></span> <span class='ocrx_word' id='word_1_474' title='bbox 3551 4704 3831 4784; x_wconf 89' lang='lat' dir='ltr'><strong>ducalli,</strong></span> <span class='ocrx_word' id='word_1_475' title='bbox 3866 4722 4039 4792; x_wconf 86' lang='lat' dir='ltr'><strong>quos</strong></span> 
     </span>
     <span class='ocr_line' id='line_1_46' title="bbox 305 4809 4036 4898; baseline 0 -24.003"><span class='ocrx_word' id='word_1_476' title='bbox 305 4810 681 4877; x_wconf 84' lang='lat' dir='ltr'><strong>misserunt</strong></span> <span class='ocrx_word' id='word_1_477' title='bbox 723 4810 1219 4891; x_wconf 91' lang='lat' dir='ltr'><strong>Mediolanum,</strong></span> <span class='ocrx_word' id='word_1_478' title='bbox 1264 4831 1394 4897; x_wconf 91' lang='lat' dir='ltr'><strong>pro</strong></span> <span class='ocrx_word' id='word_1_479' title='bbox 1440 4811 1692 4877; x_wconf 85' lang='lat' dir='ltr'><strong>auxilio</strong></span> <span class='ocrx_word' id='word_1_480' title='bbox 1736 4810 2083 4892; x_wconf 79' lang='lat' dir='ltr'><strong>habende,</strong></span> <span class='ocrx_word' id='word_1_481' title='bbox 2129 4825 2205 4879; x_wconf 90' lang='lat' dir='ltr'><strong>ut</strong></span> <span class='ocrx_word' id='word_1_482' title='bbox 2250 4813 2701 4879; x_wconf 78' lang='lat' dir='ltr'><strong>reconectum</strong></span> <span class='ocrx_word' id='word_1_483' title='bbox 2746 4835 2939 4879; x_wconf 88' lang='lat' dir='ltr'><strong>suum</strong></span> <span class='ocrx_word' id='word_1_484' title='bbox 2984 4813 3224 4879; x_wconf 83' lang='lat' dir='ltr'><strong>facere</strong></span> <span class='ocrx_word' id='word_1_485' title='bbox 3270 4812 3568 4892; x_wconf 88' lang='lat' dir='ltr'><strong>valeant,</strong></span> <span class='ocrx_word' id='word_1_486' title='bbox 3616 4810 3814 4877; x_wconf 90' lang='lat' dir='ltr'><strong>aliter</strong></span> <span class='ocrx_word' id='word_1_487' title='bbox 3844 4809 4036 4898; x_wconf 89' lang='lat' dir='ltr'><strong>quod</strong></span> 
     </span>
    </p>

    <p class='ocr_par' dir='ltr' id='par_1_22' title="bbox 204 4912 4035 5221">
     <span class='ocr_line' id='line_1_47' title="bbox 204 4912 4035 5041; baseline 0.001 -61"><span class='ocrx_word' id='word_1_488' title='bbox 204 4917 274 4980; x_wconf 76' lang='lat'><strong>40</strong></span> <span class='ocrx_word' id='word_1_489' title='bbox 315 4938 431 4982; x_wconf 87' lang='lat' dir='ltr'><strong>eos</strong></span> <span class='ocrx_word' id='word_1_490' title='bbox 478 4929 810 5004; x_wconf 90' lang='lat' dir='ltr'><strong>opportet</strong></span> <span class='ocrx_word' id='word_1_491' title='bbox 856 4912 1199 4984; x_wconf 88' lang='lat' dir='ltr'><strong>civitatem</strong></span> <span class='ocrx_word' id='word_1_492' title='bbox 1245 4916 1577 5005; x_wconf 89' lang='lat' dir='ltr'><strong>linquere.</strong></span> <span class='ocrx_word' id='word_1_493' title='bbox 1671 4916 1943 4995; x_wconf 86' lang='lat' dir='ltr'><strong>Quibus</strong></span> <span class='ocrx_word' id='word_1_494' title='bbox 1990 4940 2032 4984; x_wconf 91' lang='lat' dir='ltr'><strong>a</strong></span> <span class='ocrx_word' id='word_1_495' title='bbox 2073 4918 2474 5008; x_wconf 89' lang='lat' dir='ltr'><strong>regentibus</strong></span> <span class='ocrx_word' id='word_1_496' title='bbox 2531 4931 2778 4986; x_wconf 88' lang='lat' dir='ltr'><strong>statum</strong></span> <span class='ocrx_word' id='word_1_497' title='bbox 2838 4919 2970 4985; x_wconf 82' lang='lat' dir='ltr'><strong>fuit</strong></span> <span class='ocrx_word' id='word_1_498' title='bbox 3012 4939 3438 5041; x_wconf 82' lang='lat' dir='ltr'><strong>responsum,</strong></span> <span class='ocrx_word' id='word_1_499' title='bbox 3485 4917 3674 5006; x_wconf 90' lang='lat' dir='ltr'><strong>quod</strong></span> <span class='ocrx_word' id='word_1_500' title='bbox 3718 4917 3793 4983; x_wconf 90' lang='lat' dir='ltr'><strong>in</strong></span> <span class='ocrx_word' id='word_1_501' title='bbox 3837 4915 4035 4983; x_wconf 91' lang='lat' dir='ltr'><strong>brevi</strong></span> 
     </span>
     <span class='ocr_line' id='line_1_48' title="bbox 313 5022 4035 5115; baseline -0 -27"><span class='ocrx_word' id='word_1_502' title='bbox 313 5024 568 5090; x_wconf 90' lang='lat' dir='ltr'><strong>talliter</strong></span> <span class='ocrx_word' id='word_1_503' title='bbox 614 5022 1096 5111; x_wconf 89' lang='lat' dir='ltr'><strong>providebunt,</strong></span> <span class='ocrx_word' id='word_1_504' title='bbox 1144 5024 1333 5111; x_wconf 90' lang='lat' dir='ltr'><strong>quod</strong></span> <span class='ocrx_word' id='word_1_505' title='bbox 1378 5036 1700 5111; x_wconf 90' lang='lat' dir='ltr'><strong>poterunt</strong></span> <span class='ocrx_word' id='word_1_506' title='bbox 1744 5025 2055 5091; x_wconf 90' lang='lat' dir='ltr'><strong>redditus</strong></span> <span class='ocrx_word' id='word_1_507' title='bbox 2100 5046 2259 5092; x_wconf 89' lang='lat' dir='ltr'><strong>suos</strong></span> <span class='ocrx_word' id='word_1_508' title='bbox 2305 5025 2637 5115; x_wconf 89' lang='lat' dir='ltr'><strong>colligere</strong></span> <span class='ocrx_word' id='word_1_509' title='bbox 2684 5038 2755 5093; x_wconf 91' lang='lat' dir='ltr'><strong>et</strong></span> <span class='ocrx_word' id='word_1_510' title='bbox 2797 5037 2900 5092; x_wconf 92' lang='lat' dir='ltr'><strong>tot</strong></span> <span class='ocrx_word' id='word_1_511' title='bbox 2945 5037 3188 5114; x_wconf 87' lang='lat' dir='ltr'><strong>gentes</strong></span> <span class='ocrx_word' id='word_1_512' title='bbox 3233 5025 3606 5114; x_wconf 90' lang='lat' dir='ltr'><strong>armigeras</strong></span> <span class='ocrx_word' id='word_1_513' title='bbox 3635 5023 3905 5090; x_wconf 88' lang='lat' dir='ltr'><strong>mittent</strong></span> <span class='ocrx_word' id='word_1_514' title='bbox 3961 5023 4035 5087; x_wconf 91' lang='lat' dir='ltr'><strong>in</strong></span> 
     </span>
     <span class='ocr_line' id='line_1_49' title="bbox 312 5128 3548 5221; baseline 0.001 -25"><span class='ocrx_word' id='word_1_515' title='bbox 312 5130 722 5217; x_wconf 85' lang='lat' dir='ltr'><strong>episcopatu</strong></span> <span class='ocrx_word' id='word_1_516' title='bbox 765 5128 1035 5210; x_wconf 90' lang='lat' dir='ltr'><strong>Parme,</strong></span> <span class='ocrx_word' id='word_1_517' title='bbox 1082 5131 1271 5217; x_wconf 92' lang='lat' dir='ltr'><strong>quod</strong></span> <span class='ocrx_word' id='word_1_518' title='bbox 1314 5129 1740 5198; x_wconf 88' lang='lat' dir='ltr'><strong>incursiones</strong></span> <span class='ocrx_word' id='word_1_519' title='bbox 1782 5129 2187 5198; x_wconf 89' lang='lat' dir='ltr'><strong>Rubeorum</strong></span> <span class='ocrx_word' id='word_1_520' title='bbox 2231 5131 2563 5199; x_wconf 90' lang='lat' dir='ltr'><strong>vetabunt</strong></span> <span class='ocrx_word' id='word_1_521' title='bbox 2608 5144 2679 5199; x_wconf 91' lang='lat' dir='ltr'><strong>et</strong></span> <span class='ocrx_word' id='word_1_522' title='bbox 2722 5131 2857 5197; x_wconf 90' lang='lat' dir='ltr'><strong>illis</strong></span> <span class='ocrx_word' id='word_1_523' title='bbox 2901 5152 3219 5221; x_wconf 89' lang='lat' dir='ltr'><strong>guerram</strong></span> <span class='ocrx_word' id='word_1_524' title='bbox 3266 5132 3548 5201; x_wconf 78' lang='lat' dir='ltr'><strong>facient.</strong></span> 
     </span>
    </p>

    <p class='ocr_par' dir='ltr' id='par_1_23' title="bbox 314 5235 4031 5431">
     <span class='ocr_line' id='line_1_50' title="bbox 484 5235 4031 5327; baseline 0 -25"><span class='ocrx_word' id='word_1_525' title='bbox 484 5235 817 5303; x_wconf 85' lang='lat' dir='ltr'><strong>Proxima</strong></span> <span class='ocrx_word' id='word_1_526' title='bbox 866 5235 1054 5304; x_wconf 90' lang='lat' dir='ltr'><strong>dicta</strong></span> <span class='ocrx_word' id='word_1_527' title='bbox 1088 5236 1211 5303; x_wconf 80' lang='lat' dir='ltr'><strong>‘die</strong></span> <span class='ocrx_word' id='word_1_528' title='bbox 1258 5236 1520 5303; x_wconf 81' lang='lat' dir='ltr'><strong>factum</strong></span> <span class='ocrx_word' id='word_1_529' title='bbox 1565 5237 1699 5304; x_wconf 80' lang='lat' dir='ltr'><strong>fuit</strong></span> <span class='ocrx_word' id='word_1_530' title='bbox 1741 5236 2098 5325; x_wconf 90' lang='lat' dir='ltr'><strong>publicum</strong></span> <span class='ocrx_word' id='word_1_531' title='bbox 2140 5237 2499 5324; x_wconf 89' lang='lat' dir='ltr'><strong>proclama</strong></span> <span class='ocrx_word' id='word_1_532' title='bbox 2541 5238 2613 5303; x_wconf 89' lang='lat' dir='ltr'><strong>in</strong></span> <span class='ocrx_word' id='word_1_533' title='bbox 2660 5238 2859 5305; x_wconf 90' lang='lat' dir='ltr'><strong>terris</strong></span> <span class='ocrx_word' id='word_1_534' title='bbox 2903 5238 3251 5327; x_wconf 87' lang='lat' dir='ltr'><strong>magnifici</strong></span> <span class='ocrx_word' id='word_1_535' title='bbox 3297 5237 3555 5304; x_wconf 91' lang='lat' dir='ltr'><strong>domini</strong></span> <span class='ocrx_word' id='word_1_536' title='bbox 3600 5235 4031 5315; x_wconf 88' lang='lat' dir='ltr'><strong>Petrimarie,</strong></span> 
     </span>
     <span class='ocr_line' id='line_1_51' title="bbox 314 5341 4028 5431; baseline 0.001 -23"><span class='ocrx_word' id='word_1_537' title='bbox 314 5344 503 5429; x_wconf 91' lang='lat' dir='ltr'><strong>quod</strong></span> <span class='ocrx_word' id='word_1_538' title='bbox 551 5341 845 5431; x_wconf 89' lang='lat' dir='ltr'><strong>quilibet</strong></span> <span class='ocrx_word' id='word_1_539' title='bbox 889 5341 1130 5410; x_wconf 90' lang='lat' dir='ltr'><strong>volens</strong></span> <span class='ocrx_word' id='word_1_540' title='bbox 1172 5342 1272 5409; x_wconf 91' lang='lat' dir='ltr'><strong>ire</strong></span> <span class='ocrx_word' id='word_1_541' title='bbox 1323 5363 1479 5409; x_wconf 92' lang='lat' dir='ltr'><strong>com</strong></span> <span class='ocrx_word' id='word_1_542' title='bbox 1525 5343 1728 5410; x_wconf 90' lang='lat' dir='ltr'><strong>armis</strong></span> <span class='ocrx_word' id='word_1_543' title='bbox 1775 5356 1844 5411; x_wconf 92' lang='lat' dir='ltr'><strong>et</strong></span> <span class='ocrx_word' id='word_1_544' title='bbox 1885 5344 2288 5411; x_wconf 90' lang='lat' dir='ltr'><strong>utensilibus</strong></span> <span class='ocrx_word' id='word_1_545' title='bbox 2335 5344 2426 5410; x_wconf 94' lang='lat' dir='ltr'><strong>ad</strong></span> <span class='ocrx_word' id='word_1_546' title='bbox 2473 5345 2725 5411; x_wconf 90' lang='lat' dir='ltr'><strong>damna</strong></span> <span class='ocrx_word' id='word_1_547' title='bbox 2769 5344 2946 5431; x_wconf 88' lang='lat' dir='ltr'><strong>aptis</strong></span> <span class='ocrx_word' id='word_1_548' title='bbox 2988 5345 3061 5411; x_wconf 91' lang='lat' dir='ltr'><strong>in</strong></span> <span class='ocrx_word' id='word_1_549' title='bbox 3111 5344 3349 5411; x_wconf 89' lang='lat' dir='ltr'><strong>castris</strong></span> <span class='ocrx_word' id='word_1_550' title='bbox 3408 5343 3836 5424; x_wconf 91' lang='lat' dir='ltr'><strong>Rubeorum,</strong></span> <span class='ocrx_word' id='word_1_551' title='bbox 3898 5363 4028 5430; x_wconf 90' lang='lat' dir='ltr'><strong>pro</strong></span> 
     </span>
    </p>

    <p class='ocr_par' dir='ltr' id='par_1_24' title="bbox 208 5440 4035 5731">
     <span class='ocr_line' id='line_1_52' title="bbox 208 5440 4034 5541; baseline 0.001 -30"><span class='ocrx_word' id='word_1_552' title='bbox 208 5445 275 5511; x_wconf 70' lang='lat'><strong>45</strong></span> <span class='ocrx_word' id='word_1_553' title='bbox 315 5462 555 5537; x_wconf 88' lang='lat' dir='ltr'><strong>guasto</strong></span> <span class='ocrx_word' id='word_1_554' title='bbox 603 5449 840 5516; x_wconf 91' lang='lat' dir='ltr'><strong>dando</strong></span> <span class='ocrx_word' id='word_1_555' title='bbox 885 5440 1426 5535; x_wconf 80' lang='lat' dir='ltr'><strong>possessionibus</strong></span> <span class='ocrx_word' id='word_1_556' title='bbox 1471 5449 1741 5531; x_wconf 89' lang='lat' dir='ltr'><strong>civium,</strong></span> <span class='ocrx_word' id='word_1_557' title='bbox 1789 5449 2064 5517; x_wconf 88' lang='lat' dir='ltr'><strong>dabitur</strong></span> <span class='ocrx_word' id='word_1_558' title='bbox 2110 5450 2392 5518; x_wconf 89' lang='lat' dir='ltr'><strong>cuilibet</strong></span> <span class='ocrx_word' id='word_1_559' title='bbox 2438 5451 2624 5517; x_wconf 91' lang='lat' dir='ltr'><strong>eunti</strong></span> <span class='ocrx_word' id='word_1_560' title='bbox 2671 5472 2847 5517; x_wconf 88' lang='lat' dir='ltr'><strong>unus</strong></span> <span class='ocrx_word' id='word_1_561' title='bbox 2890 5471 3166 5541; x_wconf 87' lang='lat' dir='ltr'><strong>grossus</strong></span> <span class='ocrx_word' id='word_1_562' title='bbox 3210 5472 3254 5517; x_wconf 90' lang='lat' dir='ltr'><strong>a</strong></span> <span class='ocrx_word' id='word_1_563' title='bbox 3298 5450 3510 5517; x_wconf 90' lang='lat' dir='ltr'><strong>soldis</strong></span> <span class='ocrx_word' id='word_1_564' title='bbox 3554 5450 3856 5539; x_wconf 88' lang='lat' dir='ltr'><strong>quinque</strong></span> <span class='ocrx_word' id='word_1_565' title='bbox 3904 5469 4034 5537; x_wconf 92' lang='lat' dir='ltr'><strong>pro</strong></span> 
     </span>
     <span class='ocr_line' id='line_1_53' title="bbox 318 5554 4035 5645; baseline 0 -23"><span class='ocrx_word' id='word_1_566' title='bbox 318 5556 581 5644; x_wconf 81' lang='lat' dir='ltr'><strong>singulo</strong></span> <span class='ocrx_word' id='word_1_567' title='bbox 631 5555 745 5621; x_wconf 91' lang='lat' dir='ltr'><strong>die</strong></span> <span class='ocrx_word' id='word_1_568' title='bbox 795 5569 866 5622; x_wconf 91' lang='lat' dir='ltr'><strong>et</strong></span> <span class='ocrx_word' id='word_1_569' title='bbox 912 5554 1167 5621; x_wconf 89' lang='lat' dir='ltr'><strong>cibarie</strong></span> <span class='ocrx_word' id='word_1_570' title='bbox 1203 5578 1524 5643; x_wconf 86' lang='lat' dir='ltr'><strong>expense.</strong></span> <span class='ocrx_word' id='word_1_571' title='bbox 1615 5556 1729 5623; x_wconf 88' lang='lat' dir='ltr'><strong>Ex</strong></span> <span class='ocrx_word' id='word_1_572' title='bbox 1756 5577 1894 5645; x_wconf 92' lang='lat' dir='ltr'><strong>quo</strong></span> <span class='ocrx_word' id='word_1_573' title='bbox 1924 5556 2117 5624; x_wconf 91' lang='lat' dir='ltr'><strong>multi</strong></span> <span class='ocrx_word' id='word_1_574' title='bbox 2148 5556 2437 5625; x_wconf 86' lang='lat' dir='ltr'><strong>ruralles</strong></span> <span class='ocrx_word' id='word_1_575' title='bbox 2483 5558 2576 5624; x_wconf 93' lang='lat' dir='ltr'><strong>ad</strong></span> <span class='ocrx_word' id='word_1_576' title='bbox 2620 5557 2759 5624; x_wconf 91' lang='lat' dir='ltr'><strong>hoc</strong></span> <span class='ocrx_word' id='word_1_577' title='bbox 2807 5577 2982 5645; x_wconf 93' lang='lat' dir='ltr'><strong>opus</strong></span> <span class='ocrx_word' id='word_1_578' title='bbox 3025 5578 3099 5624; x_wconf 90' lang='lat' dir='ltr'><strong>se</strong></span> <span class='ocrx_word' id='word_1_579' title='bbox 3144 5568 3710 5645; x_wconf 88' lang='lat' dir='ltr'><strong>preparaverunt,</strong></span> <span class='ocrx_word' id='word_1_580' title='bbox 3759 5557 3849 5623; x_wconf 92' lang='lat' dir='ltr'><strong>de</strong></span> <span class='ocrx_word' id='word_1_581' title='bbox 3896 5577 4035 5644; x_wconf 91' lang='lat' dir='ltr'><strong>quo</strong></span> 
     </span>
     <span class='ocr_line' id='line_1_54' title="bbox 324 5661 1479 5731; baseline 0.004 -5"><span class='ocrx_word' id='word_1_582' title='bbox 324 5661 502 5729; x_wconf 90' lang='lat' dir='ltr'><strong>cives</strong></span> <span class='ocrx_word' id='word_1_583' title='bbox 548 5662 870 5729; x_wconf 90' lang='lat' dir='ltr'><strong>dolentes</strong></span> <span class='ocrx_word' id='word_1_584' title='bbox 915 5662 1479 5731; x_wconf 89' lang='lat' dir='ltr'><strong>lamentabantur.</strong></span> 
     </span>
    </p>

    <p class='ocr_par' dir='ltr' id='par_1_25' title="bbox 488 5770 4039 5859">
     <span class='ocr_line' id='line_1_55' title="bbox 488 5770 4039 5859; baseline 0.001 -24"><span class='ocrx_word' id='word_1_585' title='bbox 488 5770 670 5836; x_wconf 90' lang='lat' dir='ltr'><strong>Dum</strong></span> <span class='ocrx_word' id='word_1_586' title='bbox 715 5770 852 5836; x_wconf 92' lang='lat' dir='ltr'><strong>hec</strong></span> <span class='ocrx_word' id='word_1_587' title='bbox 896 5780 1393 5859; x_wconf 89' lang='lat' dir='ltr'><strong>peragerentur</strong></span> <span class='ocrx_word' id='word_1_588' title='bbox 1438 5782 1509 5838; x_wconf 92' lang='lat' dir='ltr'><strong>et</strong></span> <span class='ocrx_word' id='word_1_589' title='bbox 1551 5770 1825 5839; x_wconf 87' lang='lat' dir='ltr'><strong>illustris</strong></span> <span class='ocrx_word' id='word_1_590' title='bbox 1869 5771 2185 5840; x_wconf 87' lang='lat' dir='ltr'><strong>dominus</strong></span> <span class='ocrx_word' id='word_1_591' title='bbox 2214 5771 2566 5842; x_wconf 89' lang='lat' dir='ltr'><strong>Robertus</strong></span> <span class='ocrx_word' id='word_1_592' title='bbox 2597 5772 2687 5838; x_wconf 93' lang='lat' dir='ltr'><strong>de</strong></span> <span class='ocrx_word' id='word_1_593' title='bbox 2721 5771 2981 5841; x_wconf 90' lang='lat' dir='ltr'><strong>Sancto</strong></span> <span class='ocrx_word' id='word_1_594' title='bbox 3013 5772 3349 5841; x_wconf 89' lang='lat' dir='ltr'><strong>Severino</strong></span> <span class='ocrx_word' id='word_1_595' title='bbox 3396 5782 4039 5840; x_wconf 75' lang='lat' dir='ltr'><strong>casti-amentaretur</strong></span> 
     </span>
    </p>
   </div>
   <div class='ocr_carea' id='block_1_9' title="bbox 492 6014 2999 6088">
    <p class='ocr_par' dir='ltr' id='par_1_26' title="bbox 492 6014 2999 6088">
     <span class='ocr_line' id='line_1_56' title="bbox 492 6014 2999 6088; baseline 0 -17"><span class='ocrx_word' id='word_1_596' title='bbox 492 6026 543 6081; x_wconf 80' lang='grc'><strong>7.</strong></span> <span class='ocrx_word' id='word_1_597' title='bbox 575 6014 881 6085; x_wconf 75' lang='lat' dir='ltr'><strong>clamabat]</strong></span> <span class='ocrx_word' id='word_1_598' title='bbox 920 6015 1262 6069; x_wconf 76' lang='lat' dir='ltr'><strong>clamabatur</strong></span> <span class='ocrx_word' id='word_1_599' title='bbox 1297 6017 1411 6070; x_wconf 85' lang='lat' dir='ltr'><strong>cod.</strong></span> <span class='ocrx_word' id='word_1_600' title='bbox 1452 6045 1520 6055; x_wconf 95' lang='lat'>—</span> <span class='ocrx_word' id='word_1_601' title='bbox 1556 6029 1705 6086; x_wconf 86' lang='lat'><strong>9—10.</strong></span> <span class='ocrx_word' id='word_1_602' title='bbox 1753 6014 1988 6087; x_wconf 77' lang='lat' dir='ltr'><strong>trepidi]</strong></span> <span class='ocrx_word' id='word_1_603' title='bbox 2026 6019 2177 6088; x_wconf 81' lang='lat' dir='ltr'><strong>trepl</strong></span> <span class='ocrx_word' id='word_1_604' title='bbox 2211 6018 2327 6071; x_wconf 79' lang='lat' dir='ltr'><strong>cod.</strong></span> <span class='ocrx_word' id='word_1_605' title='bbox 2362 6044 2429 6057; x_wconf 91' lang='lat'><strong>--</strong></span> <span class='ocrx_word' id='word_1_606' title='bbox 2474 6029 2559 6085; x_wconf 79' lang='lat'><strong>13.</strong></span> <span class='ocrx_word' id='word_1_607' title='bbox 2594 6033 2708 6085; x_wconf 88' lang='lat' dir='ltr'><strong>qua</strong></span> <span class='ocrx_word' id='word_1_608' title='bbox 2742 6033 2844 6072; x_wconf 68' lang='lat' dir='ltr'><strong>on.</strong></span> <span class='ocrx_word' id='word_1_609' title='bbox 2883 6019 2999 6072; x_wconf 82' lang='lat' dir='ltr'><strong>cod.</strong></span> 
     </span>
    </p>
   </div>
   <div class='ocr_carea' id='block_1_10' title="bbox 4260 3223 4465 3274">
    <p class='ocr_par' dir='ltr' id='par_1_27' title="bbox 4260 3223 4465 3274">
     <span class='ocr_line' id='line_1_57' title="bbox 4260 3223 4465 3274; baseline -0.01 -7"><span class='ocrx_word' id='word_1_610' title='bbox 4260 3236 4362 3274; x_wconf 85' lang='grc' dir='ltr'><strong>υιι..</strong></span> <span class='ocrx_word' id='word_1_611' title='bbox 4389 3223 4465 3266; x_wconf 77' lang='lat'><strong>3⁸1</strong></span> 
     </span>
    </p>
   </div>
   <div class='ocr_carea' id='block_1_11' title="bbox 4179 4516 4392 4556">
    <p class='ocr_par' dir='ltr' id='par_1_28' title="bbox 4179 4516 4392 4556">
     <span class='ocr_line' id='line_1_58' title="bbox 4179 4516 4392 4556; baseline 0.005 -8"><span class='ocrx_word' id='word_1_612' title='bbox 4179 4519 4222 4549; x_wconf 75' lang='lat' dir='ltr'><strong>C·</strong></span> <span class='ocrx_word' id='word_1_613' title='bbox 4250 4516 4333 4556; x_wconf 71' lang='lat' dir='ltr'><strong>tu</strong></span> <span class='ocrx_word' id='word_1_614' title='bbox 4359 4518 4392 4549; x_wconf 71' lang='lat' dir='ltr'><em>v</em></span> 
     </span>
    </p>
   </div>
  </div>
 </body>
</html>
