<?xml version="1.0" encoding="UTF-8"?>
<!DOCTYPE html PUBLIC "-//W3C//DTD XHTML 1.0 Transitional//EN"
    "http://www.w3.org/TR/xhtml1/DTD/xhtml1-transitional.dtd">
<html xmlns="http://www.w3.org/1999/xhtml" xml:lang="en" lang="en">
 <head>
  <title>
</title>
<meta http-equiv="Content-Type" content="text/html;charset=utf-8" />
  <meta name='ocr-system' content='tesseract 3.04.00' />
  <meta name='ocr-capabilities' content='ocr_page ocr_carea ocr_par ocr_line ocrx_word'/>
</head>
<body>
  <div class='ocr_page' id='page_1' title='image "./cronicagestorum00bonagoog_0086.png"; bbox 0 0 4895 7066; ppageno 0'>
   <div class='ocr_carea' id='block_1_1' title="bbox 564 1156 755 1200">
    <p class='ocr_par' dir='ltr' id='par_1_1' title="bbox 564 1156 755 1200">
     <span class='ocr_line' id='line_1_1' title="bbox 564 1156 755 1200; baseline -0.01 -9"><span class='ocrx_word' id='word_1_1' title='bbox 564 1156 755 1200; x_wconf 64' lang='grc' dir='ltr'><strong>θ.74ῡ</strong></span> 
     </span>
    </p>
   </div>
   <div class='ocr_carea' id='block_1_2' title="bbox 569 3294 753 3337">
    <p class='ocr_par' dir='ltr' id='par_1_2' title="bbox 569 3294 753 3337">
     <span class='ocr_line' id='line_1_2' title="bbox 569 3294 753 3337; baseline -0.022 -4"><span class='ocrx_word' id='word_1_2' title='bbox 569 3294 753 3337; x_wconf 63' lang='grc'><em>8-751</em></span> 
     </span>
    </p>
   </div>
   <div class='ocr_carea' id='block_1_3' title="bbox 482 3606 638 3661">
    <p class='ocr_par' dir='ltr' id='par_1_3' title="bbox 482 3606 638 3661">
     <span class='ocr_line' id='line_1_3' title="bbox 482 3606 638 3661; baseline 0 -13"><span class='ocrx_word' id='word_1_3' title='bbox 482 3606 638 3661; x_wconf 73' lang='lat' dir='ltr'><strong>Mun„</strong></span> 
     </span>
    </p>
   </div>
   <div class='ocr_carea' id='block_1_4' title="bbox 558 5432 748 5474">
    <p class='ocr_par' dir='ltr' id='par_1_4' title="bbox 558 5432 748 5474">
     <span class='ocr_line' id='line_1_4' title="bbox 558 5432 748 5474; baseline 0.021 -4"><span class='ocrx_word' id='word_1_4' title='bbox 558 5432 748 5474; x_wconf 58' lang='lat' dir='ltr'><strong>‘uzi&#39;</strong></span> 
     </span>
    </p>
   </div>
   <div class='ocr_carea' id='block_1_5' title="bbox 925 430 4648 519">
    <p class='ocr_par' dir='ltr' id='par_1_5' title="bbox 925 430 4648 519">
     <span class='ocr_line' id='line_1_5' title="bbox 925 430 4648 519; baseline -0.004 -3"><span class='ocrx_word' id='word_1_5' title='bbox 925 435 1022 519; x_wconf 88' lang='grc'><strong>70</strong></span> <span class='ocrx_word' id='word_1_6' title='bbox 2212 432 2690 511; x_wconf 85' lang='lat' dir='ltr'>CRONICA</span> <span class='ocrx_word' id='word_1_7' title='bbox 2747 430 3329 509; x_wconf 89' lang='lat' dir='ltr'>GESTORUM</span> <span class='ocrx_word' id='word_1_8' title='bbox 3799 442 3879 505; x_wconf 71' lang='lat' dir='ltr'><strong>A.</strong></span> <span class='ocrx_word' id='word_1_9' title='bbox 3918 446 4082 504; x_wconf 84' lang='grc'>1480</span> <span class='ocrx_word' id='word_1_10' title='bbox 4117 438 4648 518; x_wconf 80' lang='lat' dir='ltr'><strong>aprile-maggio]</strong></span> 
     </span>
    </p>
   </div>
   <div class='ocr_carea' id='block_1_6' title="bbox 3142 586 3538 596">
    <p class='ocr_par' dir='ltr' id='par_1_6' title="bbox 3142 586 3538 596">
     <span class='ocr_line' id='line_1_6' title="bbox 3142 586 3538 596; baseline 0 6470"><span class='ocrx_word' id='word_1_11' title='bbox 3142 586 3538 596; x_wconf 95' lang='lat' dir='ltr'><strong> </strong></span> 
     </span>
    </p>
   </div>
   <div class='ocr_carea' id='block_1_7' title="bbox 1991 588 2352 598">
    <p class='ocr_par' dir='ltr' id='par_1_7' title="bbox 1991 588 2352 598">
     <span class='ocr_line' id='line_1_7' title="bbox 1991 588 2352 598; baseline 0.003 -1"><span class='ocrx_word' id='word_1_12' title='bbox 1991 588 2352 598; x_wconf 56' lang='lat' dir='ltr'><strong>..ommno—ouo-</strong></span> 
     </span>
    </p>
   </div>
   <div class='ocr_carea' id='block_1_8' title="bbox 883 700 4774 6031">
    <p class='ocr_par' dir='ltr' id='par_1_8' title="bbox 904 700 4655 1110">
     <span class='ocr_line' id='line_1_8' title="bbox 912 700 4655 791; baseline -0.002 -20"><span class='ocrx_word' id='word_1_13' title='bbox 912 703 1153 771; x_wconf 88' lang='lat' dir='ltr'><strong>Sancti</strong></span> <span class='ocrx_word' id='word_1_14' title='bbox 1197 702 1499 782; x_wconf 83' lang='lat' dir='ltr'><strong>Vitallis,</strong></span> <span class='ocrx_word' id='word_1_15' title='bbox 1545 724 1723 769; x_wconf 91' lang='lat' dir='ltr'><strong>unus</strong></span> <span class='ocrx_word' id='word_1_16' title='bbox 1767 725 1855 769; x_wconf 85' lang='lat' dir='ltr'><strong>ex</strong></span> <span class='ocrx_word' id='word_1_17' title='bbox 1898 702 2032 782; x_wconf 89' lang='lat' dir='ltr'><strong>his,</strong></span> <span class='ocrx_word' id='word_1_18' title='bbox 2079 702 2199 791; x_wconf 90' lang='lat' dir='ltr'><strong>qui</strong></span> <span class='ocrx_word' id='word_1_19' title='bbox 2243 701 2529 768; x_wconf 89' lang='lat' dir='ltr'><strong>militem</strong></span> <span class='ocrx_word' id='word_1_20' title='bbox 2576 700 2943 788; x_wconf 83' lang='lat' dir='ltr'><strong>potestatis</strong></span> <span class='ocrx_word' id='word_1_21' title='bbox 2984 700 3429 779; x_wconf 88' lang='lat' dir='ltr'><strong>occiderant;</strong></span> <span class='ocrx_word' id='word_1_22' title='bbox 3494 701 3801 788; x_wconf 85' lang='lat' dir='ltr'><strong>dumque</strong></span> <span class='ocrx_word' id='word_1_23' title='bbox 3863 701 4258 780; x_wconf 87' lang='lat' dir='ltr'><strong>duceretur,</strong></span> <span class='ocrx_word' id='word_1_24' title='bbox 4322 700 4655 767; x_wconf 84' lang='lat' dir='ltr'><strong>comina-</strong></span> 
     </span>
     <span class='ocr_line' id='line_1_9' title="bbox 904 806 4648 896; baseline -0.001 -20"><span class='ocrx_word' id='word_1_25' title='bbox 904 820 1049 876; x_wconf 89' lang='lat' dir='ltr'><strong>tum</strong></span> <span class='ocrx_word' id='word_1_26' title='bbox 1096 810 1234 877; x_wconf 78' lang='lat' dir='ltr'><strong>fuit</strong></span> <span class='ocrx_word' id='word_1_27' title='bbox 1280 810 1476 879; x_wconf 88' lang='lat' dir='ltr'><strong>dicto</strong></span> <span class='ocrx_word' id='word_1_28' title='bbox 1520 810 2015 878; x_wconf 90' lang='lat' dir='ltr'><strong>locomtenenti</strong></span> <span class='ocrx_word' id='word_1_29' title='bbox 2060 830 2190 895; x_wconf 92' lang='lat' dir='ltr'><strong>per</strong></span> <span class='ocrx_word' id='word_1_30' title='bbox 2218 809 2559 896; x_wconf 88' lang='lat' dir='ltr'><strong>capistros</strong></span> <span class='ocrx_word' id='word_1_31' title='bbox 2588 808 2906 875; x_wconf 90' lang='lat' dir='ltr'><strong>dicentes</strong></span> <span class='ocrx_word' id='word_1_32' title='bbox 2934 827 3127 873; x_wconf 89' lang='lat' dir='ltr'><strong>arma</strong></span> <span class='ocrx_word' id='word_1_33' title='bbox 3160 826 3417 893; x_wconf 79' lang='lat' dir='ltr'>capere</span> <span class='ocrx_word' id='word_1_34' title='bbox 3465 818 3533 874; x_wconf 92' lang='lat' dir='ltr'><strong>et</strong></span> <span class='ocrx_word' id='word_1_35' title='bbox 3562 807 3666 872; x_wconf 91' lang='lat' dir='ltr'><strong>illi</strong></span> <span class='ocrx_word' id='word_1_36' title='bbox 3696 806 3980 875; x_wconf 84' lang='lat' dir='ltr'><strong>abferre</strong></span> <span class='ocrx_word' id='word_1_37' title='bbox 4018 807 4282 874; x_wconf 89' lang='lat' dir='ltr'><strong>dictum</strong></span> <span class='ocrx_word' id='word_1_38' title='bbox 4313 806 4648 875; x_wconf 88' lang='lat' dir='ltr'><strong>Petrum:</strong></span> 
     </span>
     <span class='ocr_line' id='line_1_10' title="bbox 907 912 4646 1004; baseline -0.001 -21"><span class='ocrx_word' id='word_1_39' title='bbox 907 937 997 983; x_wconf 85' lang='lat' dir='ltr'><strong>ex</strong></span> <span class='ocrx_word' id='word_1_40' title='bbox 1041 936 1179 1004; x_wconf 93' lang='lat' dir='ltr'><strong>quo</strong></span> <span class='ocrx_word' id='word_1_41' title='bbox 1225 916 1457 984; x_wconf 87' lang='lat' dir='ltr'><strong>subito</strong></span> <span class='ocrx_word' id='word_1_42' title='bbox 1502 915 1750 982; x_wconf 88' lang='lat' dir='ltr'><strong>missus</strong></span> <span class='ocrx_word' id='word_1_43' title='bbox 1792 915 1929 983; x_wconf 78' lang='lat' dir='ltr'><strong>fuit</strong></span> <span class='ocrx_word' id='word_1_44' title='bbox 1971 919 2149 982; x_wconf 80' lang='lat' dir='ltr'><strong>unus</strong></span> <span class='ocrx_word' id='word_1_45' title='bbox 2193 914 2609 983; x_wconf 74' lang='lat' dir='ltr'>caballarius</span> <span class='ocrx_word' id='word_1_46' title='bbox 2651 934 2893 981; x_wconf 87' lang='lat' dir='ltr'><strong>versus</strong></span> <span class='ocrx_word' id='word_1_47' title='bbox 2954 914 3289 981; x_wconf 77' lang='lat' dir='ltr'><strong>ducentes</strong></span> <span class='ocrx_word' id='word_1_48' title='bbox 3334 914 3594 980; x_wconf 83' lang='lat' dir='ltr'><strong>dictum</strong></span> <span class='ocrx_word' id='word_1_49' title='bbox 3641 913 3927 981; x_wconf 90' lang='lat' dir='ltr'><strong>Petrum</strong></span> <span class='ocrx_word' id='word_1_50' title='bbox 3973 914 4163 1001; x_wconf 89' lang='lat' dir='ltr'><strong>quod</strong></span> <span class='ocrx_word' id='word_1_51' title='bbox 4207 913 4404 979; x_wconf 91' lang='lat' dir='ltr'><strong>illum</strong></span> <span class='ocrx_word' id='word_1_52' title='bbox 4449 912 4646 980; x_wconf 89' lang='lat' dir='ltr'><strong>rela-</strong></span> 
     </span>
     <span class='ocr_line' id='line_1_11' title="bbox 906 1023 1954 1110; baseline 0 -20"><span class='ocrx_word' id='word_1_53' title='bbox 906 1035 1214 1110; x_wconf 89' lang='lat' dir='ltr'><strong>psarent,</strong></span> <span class='ocrx_word' id='word_1_54' title='bbox 1261 1035 1333 1091; x_wconf 90' lang='lat' dir='ltr'><strong>et</strong></span> <span class='ocrx_word' id='word_1_55' title='bbox 1377 1023 1477 1091; x_wconf 88' lang='lat' dir='ltr'><strong>ita</strong></span> <span class='ocrx_word' id='word_1_56' title='bbox 1518 1023 1780 1090; x_wconf 80' lang='lat' dir='ltr'><strong>factum</strong></span> <span class='ocrx_word' id='word_1_57' title='bbox 1827 1033 1954 1091; x_wconf 87' lang='lat' dir='ltr'><strong>est.</strong></span> 
     </span>
    </p>

    <p class='ocr_par' dir='ltr' id='par_1_9' title="bbox 902 1125 4773 1536">
     <span class='ocr_line' id='line_1_12' title="bbox 1085 1125 4773 1217; baseline -0.002 -22"><span class='ocrx_word' id='word_1_58' title='bbox 1085 1128 1377 1196; x_wconf 88' lang='lat' dir='ltr'><strong>Illustris</strong></span> <span class='ocrx_word' id='word_1_59' title='bbox 1423 1129 1746 1196; x_wconf 89' lang='lat' dir='ltr'><strong>dominus</strong></span> <span class='ocrx_word' id='word_1_60' title='bbox 1773 1128 2173 1196; x_wconf 88' lang='lat' dir='ltr'><strong>Ludovicus</strong></span> <span class='ocrx_word' id='word_1_61' title='bbox 2205 1127 2485 1197; x_wconf 82' lang='lat' dir='ltr'><strong>Sforcia</strong></span> <span class='ocrx_word' id='word_1_62' title='bbox 2512 1126 2928 1196; x_wconf 88' lang='lat' dir='ltr'><strong>Vicecomes</strong></span> <span class='ocrx_word' id='word_1_63' title='bbox 2958 1127 3230 1195; x_wconf 87' lang='lat' dir='ltr'><strong>ducalis</strong></span> <span class='ocrx_word' id='word_1_64' title='bbox 3259 1127 3609 1216; x_wconf 85' lang='lat' dir='ltr'><strong>generalis</strong></span> <span class='ocrx_word' id='word_1_65' title='bbox 3636 1128 4080 1217; x_wconf 88' lang='lat' dir='ltr'><strong>gubernator,</strong></span> <span class='ocrx_word' id='word_1_66' title='bbox 4109 1139 4178 1195; x_wconf 89' lang='lat' dir='ltr'><strong>et</strong></span> <span class='ocrx_word' id='word_1_67' title='bbox 4209 1127 4330 1215; x_wconf 90' lang='lat' dir='ltr'><strong>qui</strong></span> <span class='ocrx_word' id='word_1_68' title='bbox 4358 1136 4647 1193; x_wconf 87' lang='lat' dir='ltr'><strong>mortuo</strong></span> <span class='ocrx_word' id='word_1_69' title='bbox 4737 1125 4773 1187; x_wconf 90' lang='grc'><strong>5</strong></span> 
     </span>
     <span class='ocr_line' id='line_1_13' title="bbox 903 1230 4650 1323; baseline -0.001 -21"><span class='ocrx_word' id='word_1_70' title='bbox 903 1235 1123 1302; x_wconf 83' lang='lat' dir='ltr'><strong>fratre</strong></span> <span class='ocrx_word' id='word_1_71' title='bbox 1169 1234 1452 1304; x_wconf 78' lang='lat' dir='ltr'><strong>Sforcia</strong></span> <span class='ocrx_word' id='word_1_72' title='bbox 1495 1237 1679 1304; x_wconf 90' lang='lat' dir='ltr'><strong>duce</strong></span> <span class='ocrx_word' id='word_1_73' title='bbox 1710 1237 1911 1304; x_wconf 85' lang='lat' dir='ltr'><strong>Barri</strong></span> <span class='ocrx_word' id='word_1_74' title='bbox 1954 1236 2176 1322; x_wconf 86' lang='lat' dir='ltr'><strong>ipsum</strong></span> <span class='ocrx_word' id='word_1_75' title='bbox 2208 1236 2536 1303; x_wconf 88' lang='lat' dir='ltr'><strong>ducatum</strong></span> <span class='ocrx_word' id='word_1_76' title='bbox 2568 1233 2876 1303; x_wconf 83' lang='lat' dir='ltr'><strong>obtinuit</strong></span> <span class='ocrx_word' id='word_1_77' title='bbox 2906 1256 2950 1300; x_wconf 91' lang='lat' dir='ltr'><strong>a</strong></span> <span class='ocrx_word' id='word_1_78' title='bbox 2977 1256 3147 1323; x_wconf 86' lang='lat' dir='ltr'><strong>rege</strong></span> <span class='ocrx_word' id='word_1_79' title='bbox 3180 1236 3654 1316; x_wconf 87' lang='lat' dir='ltr'><strong>Ferdinando,</strong></span> <span class='ocrx_word' id='word_1_80' title='bbox 3687 1234 4204 1302; x_wconf 83' lang='lat' dir='ltr'><strong>matrimonium</strong></span> <span class='ocrx_word' id='word_1_81' title='bbox 4234 1230 4650 1301; x_wconf 74' lang='lat' dir='ltr'><strong>contr-baxit</strong></span> 
     </span>
     <span class='ocr_line' id='line_1_14' title="bbox 902 1337 4644 1430; baseline -0.001 -23"><span class='ocrx_word' id='word_1_82' title='bbox 902 1362 1058 1408; x_wconf 93' lang='lat' dir='ltr'><strong>com</strong></span> <span class='ocrx_word' id='word_1_83' title='bbox 1102 1342 1272 1410; x_wconf 87' lang='lat' dir='ltr'><strong>fillia</strong></span> <span class='ocrx_word' id='word_1_84' title='bbox 1316 1343 1519 1410; x_wconf 89' lang='lat' dir='ltr'><strong>ducis</strong></span> <span class='ocrx_word' id='word_1_85' title='bbox 1563 1342 1887 1411; x_wconf 90' lang='lat' dir='ltr'><strong>Herculis</strong></span> <span class='ocrx_word' id='word_1_86' title='bbox 1930 1342 2254 1410; x_wconf 82' lang='lat' dir='ltr'><strong>Extensis</strong></span> <span class='ocrx_word' id='word_1_87' title='bbox 2296 1342 2503 1410; x_wconf 90' lang='lat' dir='ltr'><strong>etatis</strong></span> <span class='ocrx_word' id='word_1_88' title='bbox 2546 1361 2883 1409; x_wconf 89' lang='lat' dir='ltr'><strong>annorum</strong></span> <span class='ocrx_word' id='word_1_89' title='bbox 2928 1364 3051 1410; x_wconf 85' lang='lat' dir='ltr'><strong>sex</strong></span> <span class='ocrx_word' id='word_1_90' title='bbox 3095 1341 3436 1410; x_wconf 81' lang='lat' dir='ltr'><strong>existente</strong></span> <span class='ocrx_word' id='word_1_91' title='bbox 3481 1342 3785 1429; x_wconf 80' lang='lat' dir='ltr'><strong>Neapoli</strong></span> <span class='ocrx_word' id='word_1_92' title='bbox 3832 1360 4049 1429; x_wconf 89' lang='lat' dir='ltr'><strong>penes</strong></span> <span class='ocrx_word' id='word_1_93' title='bbox 4089 1359 4328 1430; x_wconf 88' lang='lat' dir='ltr'><strong>regem</strong></span> <span class='ocrx_word' id='word_1_94' title='bbox 4372 1337 4644 1405; x_wconf 90' lang='lat' dir='ltr'><strong>Ferdi-</strong></span> 
     </span>
     <span class='ocr_line' id='line_1_15' title="bbox 910 1449 2022 1536; baseline 0.004 -22"><span class='ocrx_word' id='word_1_95' title='bbox 910 1449 1215 1515; x_wconf 89' lang='lat' dir='ltr'><strong>nandum</strong></span> <span class='ocrx_word' id='word_1_96' title='bbox 1260 1449 1399 1516; x_wconf 89' lang='lat' dir='ltr'><strong>hoc</strong></span> <span class='ocrx_word' id='word_1_97' title='bbox 1445 1468 1681 1517; x_wconf 89' lang='lat' dir='ltr'><strong>mense</strong></span> <span class='ocrx_word' id='word_1_98' title='bbox 1726 1449 2022 1536; x_wconf 87' lang='lat' dir='ltr'><strong>aprillis.</strong></span> 
     </span>
    </p>

    <p class='ocr_par' dir='ltr' id='par_1_10' title="bbox 904 1553 4774 1839">
     <span class='ocr_line' id='line_1_16' title="bbox 1082 1553 4640 1646; baseline -0.001 -23"><span class='ocrx_word' id='word_1_99' title='bbox 1082 1554 1385 1646; x_wconf 87' lang='lat' dir='ltr'><strong>Magnus</strong></span> <span class='ocrx_word' id='word_1_100' title='bbox 1429 1557 1771 1638; x_wconf 80' lang='lat' dir='ltr'><strong>Tur-chus,</strong></span> <span class='ocrx_word' id='word_1_101' title='bbox 1804 1557 1923 1645; x_wconf 92' lang='lat' dir='ltr'><strong>qui</strong></span> <span class='ocrx_word' id='word_1_102' title='bbox 1966 1577 2150 1624; x_wconf 90' lang='lat' dir='ltr'><strong>anno</strong></span> <span class='ocrx_word' id='word_1_103' title='bbox 2196 1556 2534 1645; x_wconf 90' lang='lat' dir='ltr'><strong>preterito</strong></span> <span class='ocrx_word' id='word_1_104' title='bbox 2580 1577 2828 1643; x_wconf 90' lang='lat' dir='ltr'><strong>pacem</strong></span> <span class='ocrx_word' id='word_1_105' title='bbox 2874 1576 3030 1625; x_wconf 93' lang='lat' dir='ltr'><strong>com</strong></span> <span class='ocrx_word' id='word_1_106' title='bbox 3076 1554 3365 1624; x_wconf 90' lang='lat' dir='ltr'><strong>Venetis</strong></span> <span class='ocrx_word' id='word_1_107' title='bbox 3410 1557 3897 1624; x_wconf 80' lang='lat' dir='ltr'><strong>contrhaxerat</strong></span> <span class='ocrx_word' id='word_1_108' title='bbox 3943 1574 4101 1622; x_wconf 89' lang='lat' dir='ltr'><strong>com</strong></span> <span class='ocrx_word' id='word_1_109' title='bbox 4146 1554 4382 1621; x_wconf 88' lang='lat' dir='ltr'><strong>multis</strong></span> <span class='ocrx_word' id='word_1_110' title='bbox 4430 1553 4640 1640; x_wconf 88' lang='lat' dir='ltr'><strong>capi-</strong></span> 
     </span>
     <span class='ocr_line' id='line_1_17' title="bbox 904 1660 4774 1754; baseline -0.001 -25"><span class='ocrx_word' id='word_1_111' title='bbox 904 1662 1089 1743; x_wconf 91' lang='lat' dir='ltr'><strong>tulis,</strong></span> <span class='ocrx_word' id='word_1_112' title='bbox 1119 1674 1196 1729; x_wconf 90' lang='lat' dir='ltr'><strong>ut</strong></span> <span class='ocrx_word' id='word_1_113' title='bbox 1224 1663 1537 1752; x_wconf 89' lang='lat' dir='ltr'><strong>superius</strong></span> <span class='ocrx_word' id='word_1_114' title='bbox 1567 1674 1917 1730; x_wconf 89' lang='lat' dir='ltr'><strong>narratum</strong></span> <span class='ocrx_word' id='word_1_115' title='bbox 1949 1676 2073 1745; x_wconf 86' lang='lat' dir='ltr'><strong>est,</strong></span> <span class='ocrx_word' id='word_1_116' title='bbox 2105 1676 2452 1752; x_wconf 75' lang='lat' dir='ltr'><strong>tamquam</strong></span> <span class='ocrx_word' id='word_1_117' title='bbox 2481 1662 2868 1754; x_wconf 76' lang='lat' dir='ltr'><strong>fidifragus,</strong></span> <span class='ocrx_word' id='word_1_118' title='bbox 2900 1676 3101 1750; x_wconf 90' lang='lat' dir='ltr'><strong>rupta</strong></span> <span class='ocrx_word' id='word_1_119' title='bbox 3130 1684 3331 1751; x_wconf 86' lang='lat' dir='ltr'><strong>pace,</strong></span> <span class='ocrx_word' id='word_1_120' title='bbox 3364 1663 3499 1731; x_wconf 90' lang='lat' dir='ltr'><strong>hoc</strong></span> <span class='ocrx_word' id='word_1_121' title='bbox 3530 1682 3769 1730; x_wconf 92' lang='lat' dir='ltr'><strong>mense</strong></span> <span class='ocrx_word' id='word_1_122' title='bbox 3797 1663 4067 1750; x_wconf 86' lang='lat' dir='ltr'><strong>aprillis</strong></span> <span class='ocrx_word' id='word_1_123' title='bbox 4096 1682 4383 1750; x_wconf 88' lang='lat' dir='ltr'><strong>gueram</strong></span> <span class='ocrx_word' id='word_1_124' title='bbox 4416 1660 4647 1728; x_wconf 74' lang='lat' dir='ltr'><strong>movit</strong></span> <span class='ocrx_word' id='word_1_125' title='bbox 4697 1660 4774 1724; x_wconf 88' lang='lat'><strong>10</strong></span> 
     </span>
     <span class='ocr_line' id='line_1_18' title="bbox 912 1748 4072 1839; baseline 0.001 -3"><span class='ocrx_word' id='word_1_126' title='bbox 912 1770 1118 1836; x_wconf 87' lang='lat' dir='ltr'><strong>dictis</strong></span> <span class='ocrx_word' id='word_1_127' title='bbox 1161 1768 1468 1839; x_wconf 91' lang='lat' dir='ltr'><strong>Venetis.</strong></span> <span class='ocrx_word' id='word_1_128' title='bbox 4057 1748 4072 1771; x_wconf 64' lang='grc'><strong>’</strong></span> 
     </span>
    </p>

    <p class='ocr_par' dir='ltr' id='par_1_11' title="bbox 900 1874 4645 2184">
     <span class='ocr_line' id='line_1_19' title="bbox 1080 1874 4645 1969; baseline -0.001 -25"><span class='ocrx_word' id='word_1_129' title='bbox 1080 1874 1349 1955; x_wconf 86' lang='lat' dir='ltr'><strong>Quinto</strong></span> <span class='ocrx_word' id='word_1_130' title='bbox 1395 1879 1604 1969; x_wconf 84' lang='lat' dir='ltr'><strong>madij</strong></span> <span class='ocrx_word' id='word_1_131' title='bbox 1652 1878 1819 1945; x_wconf 86' lang='lat' dir='ltr'><strong>anni</strong></span> <span class='ocrx_word' id='word_1_132' title='bbox 1874 1879 2041 1945; x_wconf 91' lang='grc'>1480</span> <span class='ocrx_word' id='word_1_133' title='bbox 2087 1877 2352 1964; x_wconf 81' lang='lat' dir='ltr'><strong>scripte</strong></span> <span class='ocrx_word' id='word_1_134' title='bbox 2396 1890 2556 1945; x_wconf 87' lang='lat' dir='ltr'><strong>sunt</strong></span> <span class='ocrx_word' id='word_1_135' title='bbox 2598 1877 2832 1945; x_wconf 88' lang='lat' dir='ltr'><strong>littere</strong></span> <span class='ocrx_word' id='word_1_136' title='bbox 2896 1900 2986 1945; x_wconf 89' lang='lat' dir='ltr'><strong>ex</strong></span> <span class='ocrx_word' id='word_1_137' title='bbox 3039 1879 3443 1946; x_wconf 86' lang='lat' dir='ltr'><strong>Mediolano</strong></span> <span class='ocrx_word' id='word_1_138' title='bbox 3504 1877 4081 1945; x_wconf 88' lang='lat' dir='ltr'><strong>reverendissimo</strong></span> <span class='ocrx_word' id='word_1_139' title='bbox 4129 1877 4417 1945; x_wconf 88' lang='lat' dir='ltr'><strong>domino</strong></span> <span class='ocrx_word' id='word_1_140' title='bbox 4463 1874 4645 1941; x_wconf 85' lang='lat' dir='ltr'><strong>Par-</strong></span> 
     </span>
     <span class='ocr_line' id='line_1_20' title="bbox 909 1984 4645 2074; baseline 0 -26"><span class='ocrx_word' id='word_1_141' title='bbox 909 1984 1129 2052; x_wconf 89' lang='lat' dir='ltr'><strong>mensi</strong></span> <span class='ocrx_word' id='word_1_142' title='bbox 1175 1985 1506 2073; x_wconf 90' lang='lat' dir='ltr'><strong>episcopo</strong></span> <span class='ocrx_word' id='word_1_143' title='bbox 1552 1986 1629 2051; x_wconf 89' lang='lat' dir='ltr'><strong>in</strong></span> <span class='ocrx_word' id='word_1_144' title='bbox 1674 1985 1946 2065; x_wconf 88' lang='lat' dir='ltr'><strong>Parma,</strong></span> <span class='ocrx_word' id='word_1_145' title='bbox 1992 1985 2316 2074; x_wconf 86' lang='lat' dir='ltr'><strong>qualliter</strong></span> <span class='ocrx_word' id='word_1_146' title='bbox 2358 1984 2640 2064; x_wconf 89' lang='lat' dir='ltr'><strong>Veneti,</strong></span> <span class='ocrx_word' id='word_1_147' title='bbox 2688 1986 2808 2074; x_wconf 90' lang='lat' dir='ltr'><strong>qui</strong></span> <span class='ocrx_word' id='word_1_148' title='bbox 2854 1986 3269 2054; x_wconf 87' lang='lat' dir='ltr'><strong>dicebantur</strong></span> <span class='ocrx_word' id='word_1_149' title='bbox 3312 2005 3456 2052; x_wconf 90' lang='lat' dir='ltr'><strong>non</strong></span> <span class='ocrx_word' id='word_1_150' title='bbox 3501 1984 3963 2052; x_wconf 86' lang='lat' dir='ltr'><strong>intervenisse</strong></span> <span class='ocrx_word' id='word_1_151' title='bbox 4007 1984 4081 2050; x_wconf 88' lang='lat' dir='ltr'><strong>in</strong></span> <span class='ocrx_word' id='word_1_152' title='bbox 4124 2004 4324 2071; x_wconf 84' lang='lat' dir='ltr'><strong>pace,</strong></span> <span class='ocrx_word' id='word_1_153' title='bbox 4357 1984 4448 2050; x_wconf 92' lang='lat' dir='ltr'><strong>de</strong></span> <span class='ocrx_word' id='word_1_154' title='bbox 4492 2003 4645 2071; x_wconf 88' lang='lat' dir='ltr'><strong>qua</strong></span> 
     </span>
     <span class='ocr_line' id='line_1_21' title="bbox 900 2091 4467 2184; baseline 0.001 -30"><span class='ocrx_word' id='word_1_155' title='bbox 900 2110 1110 2177; x_wconf 87' lang='lat' dir='ltr'><strong>supra</strong></span> <span class='ocrx_word' id='word_1_156' title='bbox 1154 2104 1258 2159; x_wconf 87' lang='lat' dir='ltr'><strong>est</strong></span> <span class='ocrx_word' id='word_1_157' title='bbox 1304 2105 1668 2171; x_wconf 89' lang='lat' dir='ltr'><strong>narratum,</strong></span> <span class='ocrx_word' id='word_1_158' title='bbox 1715 2092 2071 2179; x_wconf 90' lang='lat' dir='ltr'><strong>publicata</strong></span> <span class='ocrx_word' id='word_1_159' title='bbox 2116 2104 2361 2182; x_wconf 91' lang='lat' dir='ltr'><strong>quarto</strong></span> <span class='ocrx_word' id='word_1_160' title='bbox 2407 2093 2673 2184; x_wconf 84' lang='lat' dir='ltr'><strong>marcij,</strong></span> <span class='ocrx_word' id='word_1_161' title='bbox 2723 2093 3259 2161; x_wconf 86' lang='lat' dir='ltr'><strong>contrhaxerant</strong></span> <span class='ocrx_word' id='word_1_162' title='bbox 3302 2112 3551 2179; x_wconf 87' lang='lat' dir='ltr'><strong>pacem</strong></span> <span class='ocrx_word' id='word_1_163' title='bbox 3597 2113 3755 2158; x_wconf 92' lang='lat' dir='ltr'><strong>cum</strong></span> <span class='ocrx_word' id='word_1_164' title='bbox 3801 2111 4066 2158; x_wconf 89' lang='lat' dir='ltr'><strong>summo</strong></span> <span class='ocrx_word' id='word_1_165' title='bbox 4111 2091 4467 2178; x_wconf 87' lang='lat' dir='ltr'><strong>pontifice.</strong></span> 
     </span>
    </p>

    <p class='ocr_par' dir='ltr' id='par_1_12' title="bbox 907 2194 4768 2482">
     <span class='ocr_line' id='line_1_22' title="bbox 1080 2194 4768 2288; baseline -0.001 -22"><span class='ocrx_word' id='word_1_166' title='bbox 1080 2199 1238 2268; x_wconf 91' lang='lat' dir='ltr'><strong>Hoc</strong></span> <span class='ocrx_word' id='word_1_167' title='bbox 1283 2200 1570 2288; x_wconf 88' lang='lat' dir='ltr'><strong>insuper</strong></span> <span class='ocrx_word' id='word_1_168' title='bbox 1612 2212 1919 2287; x_wconf 91' lang='lat' dir='ltr'><strong>tempore</strong></span> <span class='ocrx_word' id='word_1_169' title='bbox 1967 2200 2376 2267; x_wconf 88' lang='lat' dir='ltr'><strong>contrhacta</strong></span> <span class='ocrx_word' id='word_1_170' title='bbox 2420 2200 2560 2267; x_wconf 78' lang='lat' dir='ltr'><strong>fuit</strong></span> <span class='ocrx_word' id='word_1_171' title='bbox 2604 2200 2898 2267; x_wconf 89' lang='lat' dir='ltr'><strong>affinitas</strong></span> <span class='ocrx_word' id='word_1_172' title='bbox 2943 2200 3125 2267; x_wconf 89' lang='lat' dir='ltr'><strong>inter</strong></span> <span class='ocrx_word' id='word_1_173' title='bbox 3166 2200 3657 2266; x_wconf 79' lang='lat' dir='ltr'><strong>illustrissimos</strong></span> <span class='ocrx_word' id='word_1_174' title='bbox 3719 2199 4038 2266; x_wconf 87' lang='lat' dir='ltr'><strong>dominos</strong></span> <span class='ocrx_word' id='word_1_175' title='bbox 4099 2200 4349 2265; x_wconf 90' lang='lat' dir='ltr'><strong>ducem</strong></span> <span class='ocrx_word' id='word_1_176' title='bbox 4409 2199 4642 2265; x_wconf 89' lang='lat' dir='ltr'><strong>Fera-</strong></span> <span class='ocrx_word' id='word_1_177' title='bbox 4695 2194 4768 2262; x_wconf 90' lang='lat'><strong>15</strong></span> 
     </span>
     <span class='ocr_line' id='line_1_23' title="bbox 908 2304 4646 2388; baseline 0 -18"><span class='ocrx_word' id='word_1_178' title='bbox 908 2304 1010 2370; x_wconf 89' lang='lat' dir='ltr'><strong>rie</strong></span> <span class='ocrx_word' id='word_1_179' title='bbox 1055 2305 1426 2373; x_wconf 90' lang='lat' dir='ltr'><strong>Herculem</strong></span> <span class='ocrx_word' id='word_1_180' title='bbox 1473 2309 1849 2375; x_wconf 86' lang='lat' dir='ltr'><strong>Extensem</strong></span> <span class='ocrx_word' id='word_1_181' title='bbox 1882 2319 1953 2374; x_wconf 89' lang='lat' dir='ltr'><strong>et</strong></span> <span class='ocrx_word' id='word_1_182' title='bbox 1982 2305 2400 2374; x_wconf 90' lang='lat' dir='ltr'><strong>Federicum</strong></span> <span class='ocrx_word' id='word_1_183' title='bbox 2444 2306 2922 2374; x_wconf 84' lang='lat' dir='ltr'><strong>marchionem</strong></span> <span class='ocrx_word' id='word_1_184' title='bbox 2966 2305 3279 2388; x_wconf 91' lang='lat' dir='ltr'><strong>Mantue,</strong></span> <span class='ocrx_word' id='word_1_185' title='bbox 3326 2327 3486 2372; x_wconf 87' lang='lat' dir='ltr'><strong>nam</strong></span> <span class='ocrx_word' id='word_1_186' title='bbox 3534 2306 3678 2372; x_wconf 87' lang='lat' dir='ltr'><strong>filia</strong></span> <span class='ocrx_word' id='word_1_187' title='bbox 3723 2306 3928 2373; x_wconf 91' lang='lat' dir='ltr'><strong>ducis</strong></span> <span class='ocrx_word' id='word_1_188' title='bbox 3973 2304 4299 2373; x_wconf 88' lang='lat' dir='ltr'><strong>Herculis</strong></span> <span class='ocrx_word' id='word_1_189' title='bbox 4329 2305 4498 2371; x_wconf 89' lang='lat' dir='ltr'><strong>data</strong></span> <span class='ocrx_word' id='word_1_190' title='bbox 4535 2314 4646 2370; x_wconf 86' lang='lat' dir='ltr'><strong>est</strong></span> 
     </span>
     <span class='ocr_line' id='line_1_24' title="bbox 907 2410 2477 2482; baseline 0.003 -6"><span class='ocrx_word' id='word_1_191' title='bbox 907 2410 983 2477; x_wconf 90' lang='lat' dir='ltr'><strong>in</strong></span> <span class='ocrx_word' id='word_1_192' title='bbox 1027 2414 1466 2481; x_wconf 90' lang='lat' dir='ltr'><strong>matrimonio</strong></span> <span class='ocrx_word' id='word_1_193' title='bbox 1511 2414 1656 2482; x_wconf 92' lang='lat' dir='ltr'><strong>filio</strong></span> <span class='ocrx_word' id='word_1_194' title='bbox 1702 2413 2131 2481; x_wconf 85' lang='lat' dir='ltr'><strong>marchionis</strong></span> <span class='ocrx_word' id='word_1_195' title='bbox 2170 2413 2477 2481; x_wconf 89' lang='lat' dir='ltr'><strong>Mantue.</strong></span> 
     </span>
    </p>

    <p class='ocr_par' dir='ltr' id='par_1_13' title="bbox 901 2520 4769 2930">
     <span class='ocr_line' id='line_1_25' title="bbox 1079 2520 4643 2613; baseline -0.001 -26"><span class='ocrx_word' id='word_1_196' title='bbox 1079 2520 1390 2607; x_wconf 85' lang='lat' dir='ltr'><strong>Septimo</strong></span> <span class='ocrx_word' id='word_1_197' title='bbox 1436 2521 1648 2613; x_wconf 84' lang='lat' dir='ltr'><strong>madij</strong></span> <span class='ocrx_word' id='word_1_198' title='bbox 1698 2541 1857 2589; x_wconf 88' lang='lat' dir='ltr'><strong>cum</strong></span> <span class='ocrx_word' id='word_1_199' title='bbox 1903 2521 1980 2587; x_wconf 92' lang='lat' dir='ltr'><strong>in</strong></span> <span class='ocrx_word' id='word_1_200' title='bbox 2023 2520 2276 2587; x_wconf 89' lang='lat' dir='ltr'><strong>Parma</strong></span> <span class='ocrx_word' id='word_1_201' title='bbox 2320 2521 2581 2588; x_wconf 89' lang='lat' dir='ltr'><strong>nullum</strong></span> <span class='ocrx_word' id='word_1_202' title='bbox 2609 2523 2719 2612; x_wconf 83' lang='lat' dir='ltr'><strong>jus</strong></span> <span class='ocrx_word' id='word_1_203' title='bbox 2747 2521 3159 2590; x_wconf 89' lang='lat' dir='ltr'><strong>redderetur</strong></span> <span class='ocrx_word' id='word_1_204' title='bbox 3188 2532 3379 2589; x_wconf 90' lang='lat' dir='ltr'><strong>metu</strong></span> <span class='ocrx_word' id='word_1_205' title='bbox 3410 2521 3872 2608; x_wconf 89' lang='lat' dir='ltr'><strong>capistrorum</strong></span> <span class='ocrx_word' id='word_1_206' title='bbox 3902 2521 4214 2609; x_wconf 85' lang='lat' dir='ltr'><strong>undique</strong></span> <span class='ocrx_word' id='word_1_207' title='bbox 4246 2520 4643 2588; x_wconf 88' lang='lat' dir='ltr'><strong>decurren-</strong></span> 
     </span>
     <span class='ocr_line' id='line_1_26' title="bbox 902 2625 4641 2717; baseline 0 -26"><span class='ocrx_word' id='word_1_208' title='bbox 902 2625 1073 2692; x_wconf 89' lang='lat' dir='ltr'><strong>tium</strong></span> <span class='ocrx_word' id='word_1_209' title='bbox 1119 2628 1238 2694; x_wconf 90' lang='lat' dir='ltr'><strong>die</strong></span> <span class='ocrx_word' id='word_1_210' title='bbox 1284 2639 1629 2717; x_wconf 91' lang='lat' dir='ltr'><strong>nocteque</strong></span> <span class='ocrx_word' id='word_1_211' title='bbox 1673 2629 1980 2716; x_wconf 90' lang='lat' dir='ltr'><strong>impune,</strong></span> <span class='ocrx_word' id='word_1_212' title='bbox 2027 2639 2272 2714; x_wconf 89' lang='lat' dir='ltr'><strong>captus</strong></span> <span class='ocrx_word' id='word_1_213' title='bbox 2315 2628 2456 2694; x_wconf 80' lang='lat' dir='ltr'><strong>fuit</strong></span> <span class='ocrx_word' id='word_1_214' title='bbox 2499 2648 2723 2716; x_wconf 90' lang='lat' dir='ltr'><strong>prope</strong></span> <span class='ocrx_word' id='word_1_215' title='bbox 2785 2628 3273 2696; x_wconf 90' lang='lat' dir='ltr'><strong>monasterinm</strong></span> <span class='ocrx_word' id='word_1_216' title='bbox 3336 2627 3596 2696; x_wconf 88' lang='lat' dir='ltr'><strong>Sancte</strong></span> <span class='ocrx_word' id='word_1_217' title='bbox 3646 2625 3852 2694; x_wconf 87' lang='lat' dir='ltr'><strong>Clare</strong></span> <span class='ocrx_word' id='word_1_218' title='bbox 3906 2628 3981 2693; x_wconf 89' lang='lat' dir='ltr'><strong>in</strong></span> <span class='ocrx_word' id='word_1_219' title='bbox 4027 2648 4228 2693; x_wconf 90' lang='lat' dir='ltr'><strong>mane</strong></span> <span class='ocrx_word' id='word_1_220' title='bbox 4273 2648 4403 2714; x_wconf 88' lang='lat' dir='ltr'><strong>per</strong></span> <span class='ocrx_word' id='word_1_221' title='bbox 4449 2627 4641 2693; x_wconf 90' lang='lat' dir='ltr'><strong>duos</strong></span> 
     </span>
     <span class='ocr_line' id='line_1_27' title="bbox 901 2733 4769 2825; baseline -0.001 -27"><span class='ocrx_word' id='word_1_222' title='bbox 901 2733 1241 2819; x_wconf 86' lang='lat' dir='ltr'><strong>capistros</strong></span> <span class='ocrx_word' id='word_1_223' title='bbox 1287 2735 1564 2824; x_wconf 87' lang='lat' dir='ltr'><strong>quidam</strong></span> <span class='ocrx_word' id='word_1_224' title='bbox 1608 2734 1909 2802; x_wconf 88' lang='lat' dir='ltr'><strong>hebreus</strong></span> <span class='ocrx_word' id='word_1_225' title='bbox 1953 2735 2252 2801; x_wconf 80' lang='lat' dir='ltr'><strong>forensis</strong></span> <span class='ocrx_word' id='word_1_226' title='bbox 2283 2747 2353 2802; x_wconf 92' lang='lat' dir='ltr'><strong>et</strong></span> <span class='ocrx_word' id='word_1_227' title='bbox 2380 2737 2607 2825; x_wconf 84' lang='lat' dir='ltr'><strong>jussus</strong></span> <span class='ocrx_word' id='word_1_228' title='bbox 2635 2734 3056 2821; x_wconf 89' lang='lat' dir='ltr'><strong>marsupium</strong></span> <span class='ocrx_word' id='word_1_229' title='bbox 3088 2734 3418 2802; x_wconf 89' lang='lat' dir='ltr'><strong>exhibere</strong></span> <span class='ocrx_word' id='word_1_230' title='bbox 3447 2745 3525 2800; x_wconf 94' lang='lat' dir='ltr'><strong>ut</strong></span> <span class='ocrx_word' id='word_1_231' title='bbox 3568 2735 3946 2815; x_wconf 87' lang='lat' dir='ltr'><strong>videretur,</strong></span> <span class='ocrx_word' id='word_1_232' title='bbox 3978 2756 4069 2800; x_wconf 90' lang='lat' dir='ltr'><strong>an</strong></span> <span class='ocrx_word' id='word_1_233' title='bbox 4099 2733 4435 2821; x_wconf 86' lang='lat' dir='ltr'><strong>pecunias</strong></span> <span class='ocrx_word' id='word_1_234' title='bbox 4463 2753 4640 2819; x_wconf 88' lang='lat' dir='ltr'><strong>pro-</strong></span> <span class='ocrx_word' id='word_1_235' title='bbox 4686 2734 4769 2796; x_wconf 88' lang='lat'><strong>20</strong></span> 
     </span>
     <span class='ocr_line' id='line_1_28' title="bbox 903 2838 4634 2930; baseline 0.001 -26"><span class='ocrx_word' id='word_1_236' title='bbox 903 2838 1156 2908; x_wconf 87' lang='lat' dir='ltr'><strong>hibitas</strong></span> <span class='ocrx_word' id='word_1_237' title='bbox 1201 2841 1514 2922; x_wconf 87' lang='lat' dir='ltr'><strong>haberet,</strong></span> <span class='ocrx_word' id='word_1_238' title='bbox 1560 2843 1632 2909; x_wconf 82' lang='lat' dir='ltr'><strong>vi</strong></span> <span class='ocrx_word' id='word_1_239' title='bbox 1679 2842 1816 2910; x_wconf 88' lang='lat' dir='ltr'><strong>sibi</strong></span> <span class='ocrx_word' id='word_1_240' title='bbox 1859 2841 2281 2929; x_wconf 89' lang='lat' dir='ltr'><strong>marsupium</strong></span> <span class='ocrx_word' id='word_1_241' title='bbox 2325 2862 2481 2909; x_wconf 90' lang='lat' dir='ltr'><strong>com</strong></span> <span class='ocrx_word' id='word_1_242' title='bbox 2527 2841 2846 2930; x_wconf 84' lang='lat' dir='ltr'><strong>pecunijs</strong></span> <span class='ocrx_word' id='word_1_243' title='bbox 2901 2840 3212 2909; x_wconf 89' lang='lat' dir='ltr'><strong>ablatum</strong></span> <span class='ocrx_word' id='word_1_244' title='bbox 3257 2841 3413 2920; x_wconf 77' lang='lat' dir='ltr'><strong>fuit,</strong></span> <span class='ocrx_word' id='word_1_245' title='bbox 3460 2861 3544 2909; x_wconf 90' lang='lat' dir='ltr'><strong>ac</strong></span> <span class='ocrx_word' id='word_1_246' title='bbox 3590 2841 3713 2907; x_wconf 84' lang='lat' dir='ltr'><strong>vix</strong></span> <span class='ocrx_word' id='word_1_247' title='bbox 3757 2840 3972 2908; x_wconf 86' lang='lat' dir='ltr'><strong>vitam</strong></span> <span class='ocrx_word' id='word_1_248' title='bbox 4028 2841 4334 2907; x_wconf 89' lang='lat' dir='ltr'><strong>clamans</strong></span> <span class='ocrx_word' id='word_1_249' title='bbox 4379 2839 4634 2907; x_wconf 83' lang='lat' dir='ltr'><strong>evasit.</strong></span> 
     </span>
    </p>

    <p class='ocr_par' dir='ltr' id='par_1_14' title="bbox 907 2945 4638 3252">
     <span class='ocr_line' id='line_1_29' title="bbox 1080 2945 4636 3038; baseline -0 -24"><span class='ocrx_word' id='word_1_250' title='bbox 1080 2945 1245 3026; x_wconf 86' lang='lat' dir='ltr'><strong>Qua</strong></span> <span class='ocrx_word' id='word_1_251' title='bbox 1287 2948 1495 3016; x_wconf 81' lang='lat' dir='ltr'><strong>etiam</strong></span> <span class='ocrx_word' id='word_1_252' title='bbox 1542 2950 1658 3018; x_wconf 89' lang='lat' dir='ltr'><strong>die</strong></span> <span class='ocrx_word' id='word_1_253' title='bbox 1704 2949 1984 3038; x_wconf 90' lang='lat' dir='ltr'><strong>quidam</strong></span> <span class='ocrx_word' id='word_1_254' title='bbox 2014 2960 2241 3015; x_wconf 90' lang='lat' dir='ltr'><strong>mutus</strong></span> <span class='ocrx_word' id='word_1_255' title='bbox 2271 2948 2631 3015; x_wconf 88' lang='lat' dir='ltr'><strong>mendicus</strong></span> <span class='ocrx_word' id='word_1_256' title='bbox 2661 2949 2943 3015; x_wconf 89' lang='lat' dir='ltr'><strong>nomine</strong></span> <span class='ocrx_word' id='word_1_257' title='bbox 2973 2948 3291 3015; x_wconf 89' lang='lat' dir='ltr'><strong>Vaninus</strong></span> <span class='ocrx_word' id='word_1_258' title='bbox 3338 2947 3641 3015; x_wconf 83' lang='lat' dir='ltr'><strong>existens</strong></span> <span class='ocrx_word' id='word_1_259' title='bbox 3687 2947 3758 3012; x_wconf 93' lang='lat' dir='ltr'><strong>in</strong></span> <span class='ocrx_word' id='word_1_260' title='bbox 3807 2947 4109 3014; x_wconf 89' lang='lat' dir='ltr'><strong>ecclesia</strong></span> <span class='ocrx_word' id='word_1_261' title='bbox 4154 2948 4413 3015; x_wconf 88' lang='lat' dir='ltr'><strong>Sancte</strong></span> <span class='ocrx_word' id='word_1_262' title='bbox 4458 2947 4636 3013; x_wconf 89' lang='lat' dir='ltr'><strong>Tri-</strong></span> 
     </span>
     <span class='ocr_line' id='line_1_30' title="bbox 907 3053 4638 3145; baseline 0 -25"><span class='ocrx_word' id='word_1_263' title='bbox 907 3053 1164 3135; x_wconf 87' lang='lat' dir='ltr'><strong>nitatis,</strong></span> <span class='ocrx_word' id='word_1_264' title='bbox 1213 3068 1455 3142; x_wconf 88' lang='lat' dir='ltr'><strong>captus</strong></span> <span class='ocrx_word' id='word_1_265' title='bbox 1503 3077 1723 3143; x_wconf 86' lang='lat' dir='ltr'><strong>prope</strong></span> <span class='ocrx_word' id='word_1_266' title='bbox 1768 3055 1984 3123; x_wconf 88' lang='lat' dir='ltr'><strong>altare</strong></span> <span class='ocrx_word' id='word_1_267' title='bbox 2019 3055 2107 3123; x_wconf 93' lang='lat' dir='ltr'><strong>ab</strong></span> <span class='ocrx_word' id='word_1_268' title='bbox 2140 3056 2411 3123; x_wconf 90' lang='lat' dir='ltr'><strong>duobus</strong></span> <span class='ocrx_word' id='word_1_269' title='bbox 2441 3055 2760 3142; x_wconf 88' lang='lat' dir='ltr'><strong>capistris</strong></span> <span class='ocrx_word' id='word_1_270' title='bbox 2803 3067 2875 3123; x_wconf 93' lang='lat' dir='ltr'><strong>et</strong></span> <span class='ocrx_word' id='word_1_271' title='bbox 2920 3055 3269 3123; x_wconf 87' lang='lat' dir='ltr'><strong>involutus</strong></span> <span class='ocrx_word' id='word_1_272' title='bbox 3298 3054 3521 3142; x_wconf 89' lang='lat' dir='ltr'><strong>capiti</strong></span> <span class='ocrx_word' id='word_1_273' title='bbox 3567 3075 3725 3124; x_wconf 91' lang='lat' dir='ltr'><strong>com</strong></span> <span class='ocrx_word' id='word_1_274' title='bbox 3770 3075 4078 3145; x_wconf 84' lang='lat' dir='ltr'><strong>gausape</strong></span> <span class='ocrx_word' id='word_1_275' title='bbox 4121 3054 4382 3134; x_wconf 88' lang='lat' dir='ltr'><strong>altaris,</strong></span> <span class='ocrx_word' id='word_1_276' title='bbox 4414 3055 4638 3121; x_wconf 87' lang='lat' dir='ltr'><strong>dero-</strong></span> 
     </span>
     <span class='ocr_line' id='line_1_31' title="bbox 907 3162 2967 3252; baseline 0 -23"><span class='ocrx_word' id='word_1_277' title='bbox 907 3162 1107 3229; x_wconf 92' lang='lat' dir='ltr'><strong>batus</strong></span> <span class='ocrx_word' id='word_1_278' title='bbox 1152 3162 1286 3229; x_wconf 82' lang='lat' dir='ltr'><strong>fuit</strong></span> <span class='ocrx_word' id='word_1_279' title='bbox 1329 3175 1401 3230; x_wconf 89' lang='lat' dir='ltr'><strong>et</strong></span> <span class='ocrx_word' id='word_1_280' title='bbox 1444 3163 1779 3251; x_wconf 88' lang='lat' dir='ltr'><strong>spoliatus</strong></span> <span class='ocrx_word' id='word_1_281' title='bbox 1824 3163 2050 3230; x_wconf 86' lang='lat' dir='ltr'><strong>aureis</strong></span> <span class='ocrx_word' id='word_1_282' title='bbox 2097 3164 2405 3252; x_wconf 91' lang='lat' dir='ltr'><strong>quinque</strong></span> <span class='ocrx_word' id='word_1_283' title='bbox 2455 3163 2545 3229; x_wconf 92' lang='lat' dir='ltr'><strong>de</strong></span> <span class='ocrx_word' id='word_1_284' title='bbox 2594 3162 2711 3229; x_wconf 92' lang='lat' dir='ltr'><strong>die</strong></span> <span class='ocrx_word' id='word_1_285' title='bbox 2759 3163 2967 3229; x_wconf 87' lang='lat' dir='ltr'><strong>clara.</strong></span> 
     </span>
    </p>

    <p class='ocr_par' dir='ltr' id='par_1_15' title="bbox 901 3266 4757 3575">
     <span class='ocr_line' id='line_1_32' title="bbox 1079 3266 4757 3360; baseline -0.001 -25"><span class='ocrx_word' id='word_1_286' title='bbox 1079 3269 1263 3335; x_wconf 92' lang='lat' dir='ltr'><strong>Dum</strong></span> <span class='ocrx_word' id='word_1_287' title='bbox 1306 3269 1385 3336; x_wconf 91' lang='lat' dir='ltr'><strong>in</strong></span> <span class='ocrx_word' id='word_1_288' title='bbox 1429 3269 1684 3337; x_wconf 88' lang='lat' dir='ltr'><strong>Parma</strong></span> <span class='ocrx_word' id='word_1_289' title='bbox 1727 3271 1943 3337; x_wconf 87' lang='lat' dir='ltr'><strong>multa</strong></span> <span class='ocrx_word' id='word_1_290' title='bbox 1986 3271 2296 3337; x_wconf 86' lang='lat' dir='ltr'><strong>enormia</strong></span> <span class='ocrx_word' id='word_1_291' title='bbox 2340 3268 2680 3356; x_wconf 88' lang='lat' dir='ltr'><strong>impunita</strong></span> <span class='ocrx_word' id='word_1_292' title='bbox 2741 3270 3010 3350; x_wconf 89' lang='lat' dir='ltr'><strong>fierent,</strong></span> <span class='ocrx_word' id='word_1_293' title='bbox 3073 3271 3376 3358; x_wconf 88' lang='lat' dir='ltr'><strong>quadam</strong></span> <span class='ocrx_word' id='word_1_294' title='bbox 3437 3282 3648 3338; x_wconf 91' lang='lat' dir='ltr'><strong>nocte</strong></span> <span class='ocrx_word' id='word_1_295' title='bbox 3692 3269 3979 3358; x_wconf 89' lang='lat' dir='ltr'><strong>quidam</strong></span> <span class='ocrx_word' id='word_1_296' title='bbox 4035 3269 4327 3360; x_wconf 83' lang='lat' dir='ltr'><strong>juvenes</strong></span> <span class='ocrx_word' id='word_1_297' title='bbox 4371 3267 4630 3335; x_wconf 81' lang='lat' dir='ltr'><strong>lascivi</strong></span> <span class='ocrx_word' id='word_1_298' title='bbox 4675 3266 4757 3332; x_wconf 87' lang='grc'><strong>25</strong></span> 
     </span>
     <span class='ocr_line' id='line_1_33' title="bbox 901 3374 4635 3465; baseline -0.001 -22"><span class='ocrx_word' id='word_1_299' title='bbox 901 3376 991 3443; x_wconf 89' lang='lat' dir='ltr'><strong>de</strong></span> <span class='ocrx_word' id='word_1_300' title='bbox 1036 3375 1285 3463; x_wconf 88' lang='lat' dir='ltr'><strong>Capite</strong></span> <span class='ocrx_word' id='word_1_301' title='bbox 1328 3376 1573 3444; x_wconf 91' lang='lat' dir='ltr'><strong>Pontis</strong></span> <span class='ocrx_word' id='word_1_302' title='bbox 1619 3374 2023 3444; x_wconf 88' lang='lat' dir='ltr'><strong>deiecerunt</strong></span> <span class='ocrx_word' id='word_1_303' title='bbox 2067 3375 2292 3443; x_wconf 86' lang='lat' dir='ltr'><strong>hostia</strong></span> <span class='ocrx_word' id='word_1_304' title='bbox 2338 3377 2587 3444; x_wconf 91' lang='lat' dir='ltr'><strong>domus</strong></span> <span class='ocrx_word' id='word_1_305' title='bbox 2632 3376 2988 3443; x_wconf 84' lang='lat' dir='ltr'><strong>cuiusdam</strong></span> <span class='ocrx_word' id='word_1_306' title='bbox 3034 3378 3464 3464; x_wconf 88' lang='lat' dir='ltr'><strong>paupercule</strong></span> <span class='ocrx_word' id='word_1_307' title='bbox 3504 3376 3795 3465; x_wconf 83' lang='lat' dir='ltr'><strong>juvenis,</strong></span> <span class='ocrx_word' id='word_1_308' title='bbox 3842 3396 4050 3464; x_wconf 91' lang='lat' dir='ltr'><strong>quam</strong></span> <span class='ocrx_word' id='word_1_309' title='bbox 4109 3375 4182 3442; x_wconf 83' lang='lat' dir='ltr'><strong>vi</strong></span> <span class='ocrx_word' id='word_1_310' title='bbox 4240 3394 4635 3462; x_wconf 87' lang='lat' dir='ltr'><strong>supposue-</strong></span> 
     </span>
     <span class='ocr_line' id='line_1_34' title="bbox 904 3482 3286 3575; baseline 0 -26"><span class='ocrx_word' id='word_1_311' title='bbox 904 3493 1065 3550; x_wconf 92' lang='lat' dir='ltr'><strong>runt</strong></span> <span class='ocrx_word' id='word_1_312' title='bbox 1111 3483 1412 3572; x_wconf 91' lang='lat' dir='ltr'><strong>turpiter</strong></span> <span class='ocrx_word' id='word_1_313' title='bbox 1453 3495 1526 3552; x_wconf 92' lang='lat' dir='ltr'><strong>et</strong></span> <span class='ocrx_word' id='word_1_314' title='bbox 1569 3484 1978 3562; x_wconf 82' lang='lat' dir='ltr'><strong>inhoneste3</strong></span> <span class='ocrx_word' id='word_1_315' title='bbox 2027 3484 2114 3551; x_wconf 90' lang='lat' dir='ltr'><strong>de</strong></span> <span class='ocrx_word' id='word_1_316' title='bbox 2161 3503 2298 3572; x_wconf 89' lang='lat' dir='ltr'><strong>quo</strong></span> <span class='ocrx_word' id='word_1_317' title='bbox 2344 3483 2538 3550; x_wconf 90' lang='lat' dir='ltr'><strong>nulla</strong></span> <span class='ocrx_word' id='word_1_318' title='bbox 2580 3483 2776 3550; x_wconf 80' lang='lat' dir='ltr'><strong>facta</strong></span> <span class='ocrx_word' id='word_1_319' title='bbox 2819 3482 2956 3551; x_wconf 83' lang='lat' dir='ltr'><strong>fuit</strong></span> <span class='ocrx_word' id='word_1_320' title='bbox 2999 3484 3286 3575; x_wconf 84' lang='lat' dir='ltr'><strong>justitia.</strong></span> 
     </span>
    </p>

    <p class='ocr_par' dir='ltr' id='par_1_16' title="bbox 894 3589 4756 4215">
     <span class='ocr_line' id='line_1_35' title="bbox 1074 3589 4631 3681; baseline 0 -25"><span class='ocrx_word' id='word_1_321' title='bbox 1074 3591 1157 3658; x_wconf 89' lang='lat' dir='ltr'><strong>In</strong></span> <span class='ocrx_word' id='word_1_322' title='bbox 1202 3591 1544 3679; x_wconf 91' lang='lat' dir='ltr'><strong>principio</strong></span> <span class='ocrx_word' id='word_1_323' title='bbox 1588 3591 1789 3658; x_wconf 88' lang='lat' dir='ltr'><strong>huius</strong></span> <span class='ocrx_word' id='word_1_324' title='bbox 1832 3591 2090 3658; x_wconf 88' lang='lat' dir='ltr'><strong>mensis</strong></span> <span class='ocrx_word' id='word_1_325' title='bbox 2133 3590 2350 3681; x_wconf 85' lang='lat' dir='ltr'><strong>madij</strong></span> <span class='ocrx_word' id='word_1_326' title='bbox 2398 3590 2868 3657; x_wconf 89' lang='lat' dir='ltr'><strong>sanctissimus</strong></span> <span class='ocrx_word' id='word_1_327' title='bbox 2911 3591 3237 3658; x_wconf 90' lang='lat' dir='ltr'><strong>dominus</strong></span> <span class='ocrx_word' id='word_1_328' title='bbox 3282 3603 3518 3660; x_wconf 88' lang='lat' dir='ltr'><strong>noster</strong></span> <span class='ocrx_word' id='word_1_329' title='bbox 3561 3613 3747 3680; x_wconf 88' lang='lat' dir='ltr'><strong>papa</strong></span> <span class='ocrx_word' id='word_1_330' title='bbox 3792 3591 4015 3660; x_wconf 89' lang='lat' dir='ltr'><strong>Sistus</strong></span> <span class='ocrx_word' id='word_1_331' title='bbox 4042 3589 4406 3659; x_wconf 86' lang='lat' dir='ltr'><strong>interdixit</strong></span> <span class='ocrx_word' id='word_1_332' title='bbox 4459 3590 4631 3658; x_wconf 91' lang='lat' dir='ltr'><strong>Flo-</strong></span> 
     </span>
     <span class='ocr_line' id='line_1_36' title="bbox 897 3697 4632 3788; baseline 0 -26"><span class='ocrx_word' id='word_1_333' title='bbox 897 3697 1230 3778; x_wconf 87' lang='lat' dir='ltr'><strong>rentinos,</strong></span> <span class='ocrx_word' id='word_1_334' title='bbox 1277 3699 1370 3765; x_wconf 83' lang='lat' dir='ltr'><strong>ad</strong></span> <span class='ocrx_word' id='word_1_335' title='bbox 1415 3717 1618 3786; x_wconf 91' lang='lat' dir='ltr'><strong>quem</strong></span> <span class='ocrx_word' id='word_1_336' title='bbox 1673 3719 1832 3765; x_wconf 90' lang='lat' dir='ltr'><strong>cum</strong></span> <span class='ocrx_word' id='word_1_337' title='bbox 1890 3697 2235 3764; x_wconf 87' lang='lat' dir='ltr'><strong>misissent</strong></span> <span class='ocrx_word' id='word_1_338' title='bbox 2293 3697 2370 3762; x_wconf 92' lang='lat' dir='ltr'><strong>in</strong></span> <span class='ocrx_word' id='word_1_339' title='bbox 2429 3709 2776 3764; x_wconf 89' lang='lat' dir='ltr'><strong>oratorem</strong></span> <span class='ocrx_word' id='word_1_340' title='bbox 2837 3697 3187 3784; x_wconf 87' lang='lat' dir='ltr'><strong>quendam</strong></span> <span class='ocrx_word' id='word_1_341' title='bbox 3249 3700 3537 3765; x_wconf 79' lang='lat' dir='ltr'><strong>fratrem</strong></span> <span class='ocrx_word' id='word_1_342' title='bbox 3600 3699 4005 3788; x_wconf 86' lang='lat' dir='ltr'><strong>magistrum</strong></span> <span class='ocrx_word' id='word_1_343' title='bbox 4066 3698 4140 3764; x_wconf 91' lang='lat' dir='ltr'><strong>in</strong></span> <span class='ocrx_word' id='word_1_344' title='bbox 4202 3697 4632 3785; x_wconf 87' lang='lat' dir='ltr'><strong>Theologia,</strong></span> 
     </span>
     <span class='ocr_line' id='line_1_37' title="bbox 896 3803 4756 3893; baseline -0.001 -22"><span class='ocrx_word' id='word_1_345' title='bbox 896 3803 1162 3872; x_wconf 85' lang='lat' dir='ltr'><strong>dictum</strong></span> <span class='ocrx_word' id='word_1_346' title='bbox 1205 3805 1363 3884; x_wconf 80' lang='lat' dir='ltr'><strong>fuit,</strong></span> <span class='ocrx_word' id='word_1_347' title='bbox 1408 3804 1811 3892; x_wconf 88' lang='lat' dir='ltr'><strong>pontificem</strong></span> <span class='ocrx_word' id='word_1_348' title='bbox 1841 3803 2035 3870; x_wconf 89' lang='lat' dir='ltr'><strong>illum</strong></span> <span class='ocrx_word' id='word_1_349' title='bbox 2068 3803 2416 3874; x_wconf 89' lang='lat' dir='ltr'><strong>denudari</strong></span> <span class='ocrx_word' id='word_1_350' title='bbox 2446 3804 2724 3883; x_wconf 82' lang='lat' dir='ltr'><strong>fecisse,</strong></span> <span class='ocrx_word' id='word_1_351' title='bbox 2757 3825 2842 3871; x_wconf 89' lang='lat' dir='ltr'><strong>ac</strong></span> <span class='ocrx_word' id='word_1_352' title='bbox 2891 3805 3196 3871; x_wconf 92' lang='lat' dir='ltr'><strong>conduci</strong></span> <span class='ocrx_word' id='word_1_353' title='bbox 3226 3826 3436 3892; x_wconf 87' lang='lat' dir='ltr'><strong>super</strong></span> <span class='ocrx_word' id='word_1_354' title='bbox 3465 3806 3680 3872; x_wconf 90' lang='lat' dir='ltr'><strong>asello</strong></span> <span class='ocrx_word' id='word_1_355' title='bbox 3710 3827 3838 3893; x_wconf 90' lang='lat' dir='ltr'><strong>per</strong></span> <span class='ocrx_word' id='word_1_356' title='bbox 3867 3805 4169 3872; x_wconf 87' lang='lat' dir='ltr'><strong>Romam</strong></span> <span class='ocrx_word' id='word_1_357' title='bbox 4203 3825 4358 3871; x_wconf 90' lang='lat' dir='ltr'><strong>com</strong></span> <span class='ocrx_word' id='word_1_358' title='bbox 4392 3806 4634 3872; x_wconf 90' lang='lat' dir='ltr'><strong>cauda</strong></span> <span class='ocrx_word' id='word_1_359' title='bbox 4676 3804 4756 3868; x_wconf 88' lang='grc'><strong>30</strong></span> 
     </span>
     <span class='ocr_line' id='line_1_38' title="bbox 896 3910 4633 4003; baseline 0.001 -27"><span class='ocrx_word' id='word_1_360' title='bbox 896 3910 972 3977; x_wconf 91' lang='lat' dir='ltr'><strong>in</strong></span> <span class='ocrx_word' id='word_1_361' title='bbox 1019 3911 1354 3992; x_wconf 89' lang='lat' dir='ltr'><strong>manibus,</strong></span> <span class='ocrx_word' id='word_1_362' title='bbox 1414 3913 1653 4000; x_wconf 89' lang='lat' dir='ltr'><strong>sicque</strong></span> <span class='ocrx_word' id='word_1_363' title='bbox 1695 3911 1772 3977; x_wconf 88' lang='lat' dir='ltr'><strong>in</strong></span> <span class='ocrx_word' id='word_1_364' title='bbox 1834 3911 2080 3978; x_wconf 90' lang='lat' dir='ltr'><strong>itinere</strong></span> <span class='ocrx_word' id='word_1_365' title='bbox 2139 3911 2359 3999; x_wconf 86' lang='lat' dir='ltr'><strong>virgis</strong></span> <span class='ocrx_word' id='word_1_366' title='bbox 2418 3910 2771 3978; x_wconf 90' lang='lat' dir='ltr'><strong>scuticari.</strong></span> <span class='ocrx_word' id='word_1_367' title='bbox 2879 3911 2972 3979; x_wconf 92' lang='lat' dir='ltr'><strong>Et</strong></span> <span class='ocrx_word' id='word_1_368' title='bbox 3031 3910 3419 3979; x_wconf 92' lang='lat' dir='ltr'><strong>Florentini</strong></span> <span class='ocrx_word' id='word_1_369' title='bbox 3479 3923 3861 3979; x_wconf 87' lang='lat' dir='ltr'><strong>metuentes</strong></span> <span class='ocrx_word' id='word_1_370' title='bbox 3919 3932 4202 4003; x_wconf 85' lang='lat' dir='ltr'><strong>gueram</strong></span> <span class='ocrx_word' id='word_1_371' title='bbox 4219 3960 4238 3992; x_wconf 97' lang='lat'><strong>,</strong></span> <span class='ocrx_word' id='word_1_372' title='bbox 4302 3912 4633 3979; x_wconf 80' lang='lat' dir='ltr'><strong>fecerunt</strong></span> 
     </span>
     <span class='ocr_line' id='line_1_39' title="bbox 902 4017 4629 4107; baseline 0.001 -25"><span class='ocrx_word' id='word_1_373' title='bbox 902 4019 1205 4086; x_wconf 85' lang='lat' dir='ltr'><strong>maxima</strong></span> <span class='ocrx_word' id='word_1_374' title='bbox 1247 4040 1413 4086; x_wconf 86' lang='lat' dir='ltr'><strong>vasa</strong></span> <span class='ocrx_word' id='word_1_375' title='bbox 1461 4030 1789 4107; x_wconf 86' lang='lat' dir='ltr'><strong>argentea</strong></span> <span class='ocrx_word' id='word_1_376' title='bbox 1830 4018 1905 4083; x_wconf 91' lang='lat' dir='ltr'><strong>in</strong></span> <span class='ocrx_word' id='word_1_377' title='bbox 1952 4018 2224 4107; x_wconf 85' lang='lat' dir='ltr'><strong>eclesijs</strong></span> <span class='ocrx_word' id='word_1_378' title='bbox 2270 4017 2410 4084; x_wconf 92' lang='lat' dir='ltr'><strong>suis</strong></span> <span class='ocrx_word' id='word_1_379' title='bbox 2456 4017 2547 4084; x_wconf 88' lang='lat' dir='ltr'><strong>ad</strong></span> <span class='ocrx_word' id='word_1_380' title='bbox 2593 4017 2830 4084; x_wconf 90' lang='lat' dir='ltr'><strong>divina</strong></span> <span class='ocrx_word' id='word_1_381' title='bbox 2876 4018 3211 4105; x_wconf 85' lang='lat' dir='ltr'><strong>deputata</strong></span> <span class='ocrx_word' id='word_1_382' title='bbox 3255 4018 3503 4086; x_wconf 89' lang='lat' dir='ltr'><strong>reduci</strong></span> <span class='ocrx_word' id='word_1_383' title='bbox 3544 4019 3622 4085; x_wconf 92' lang='lat' dir='ltr'><strong>in</strong></span> <span class='ocrx_word' id='word_1_384' title='bbox 3664 4019 3987 4098; x_wconf 89' lang='lat' dir='ltr'><strong>monetis,</strong></span> <span class='ocrx_word' id='word_1_385' title='bbox 4032 4020 4310 4106; x_wconf 91' lang='lat' dir='ltr'><strong>hocque</strong></span> <span class='ocrx_word' id='word_1_386' title='bbox 4342 4018 4629 4085; x_wconf 88' lang='lat' dir='ltr'><strong>interim</strong></span> 
     </span>
     <span class='ocr_line' id='line_1_40' title="bbox 894 4124 4276 4215; baseline 0 -23"><span class='ocrx_word' id='word_1_387' title='bbox 894 4125 1124 4211; x_wconf 88' lang='lat' dir='ltr'><strong>parari</strong></span> <span class='ocrx_word' id='word_1_388' title='bbox 1170 4124 1429 4192; x_wconf 91' lang='lat' dir='ltr'><strong>bellum</strong></span> <span class='ocrx_word' id='word_1_389' title='bbox 1473 4124 1926 4206; x_wconf 90' lang='lat' dir='ltr'><strong>Lucensibus,</strong></span> <span class='ocrx_word' id='word_1_390' title='bbox 1973 4124 2094 4212; x_wconf 91' lang='lat' dir='ltr'><strong>qui</strong></span> <span class='ocrx_word' id='word_1_391' title='bbox 2142 4144 2380 4190; x_wconf 89' lang='lat' dir='ltr'><strong>omnes</strong></span> <span class='ocrx_word' id='word_1_392' title='bbox 2427 4143 2690 4200; x_wconf 60' lang='lat' dir='ltr'><strong>eorum,</strong></span> <span class='ocrx_word' id='word_1_393' title='bbox 2712 4124 3050 4191; x_wconf 88' lang='lat' dir='ltr'><strong>ruricolas</strong></span> <span class='ocrx_word' id='word_1_394' title='bbox 3094 4125 3344 4192; x_wconf 89' lang='lat' dir='ltr'><strong>reduci</strong></span> <span class='ocrx_word' id='word_1_395' title='bbox 3383 4127 3735 4215; x_wconf 85' lang='lat' dir='ltr'><strong>jusserunt</strong></span> <span class='ocrx_word' id='word_1_396' title='bbox 3778 4126 3873 4192; x_wconf 90' lang='lat' dir='ltr'><strong>ad</strong></span> <span class='ocrx_word' id='word_1_397' title='bbox 3916 4125 4276 4193; x_wconf 80' lang='lat' dir='ltr'><strong>fortilicia.</strong></span> 
     </span>
    </p>

    <p class='ocr_par' dir='ltr' id='par_1_17' title="bbox 895 4230 4745 4632">
     <span class='ocr_line' id='line_1_41' title="bbox 1070 4230 4626 4323; baseline -0.001 -24"><span class='ocrx_word' id='word_1_398' title='bbox 1070 4231 1466 4300; x_wconf 91' lang='lat' dir='ltr'><strong>Undecimo</strong></span> <span class='ocrx_word' id='word_1_399' title='bbox 1512 4231 1723 4321; x_wconf 85' lang='lat' dir='ltr'><strong>madij</strong></span> <span class='ocrx_word' id='word_1_400' title='bbox 1759 4230 1921 4300; x_wconf 86' lang='lat' dir='ltr'><strong>dum</strong></span> <span class='ocrx_word' id='word_1_401' title='bbox 1967 4231 2254 4319; x_wconf 88' lang='lat' dir='ltr'><strong>quidam</strong></span> <span class='ocrx_word' id='word_1_402' title='bbox 2300 4231 2602 4298; x_wconf 88' lang='lat' dir='ltr'><strong>hebreus</strong></span> <span class='ocrx_word' id='word_1_403' title='bbox 2645 4230 2944 4297; x_wconf 80' lang='lat' dir='ltr'><strong>forensis</strong></span> <span class='ocrx_word' id='word_1_404' title='bbox 2988 4231 3359 4319; x_wconf 91' lang='lat' dir='ltr'><strong>coquinam</strong></span> <span class='ocrx_word' id='word_1_405' title='bbox 3406 4232 3693 4299; x_wconf 82' lang='lat' dir='ltr'><strong>fecisset</strong></span> <span class='ocrx_word' id='word_1_406' title='bbox 3721 4230 4148 4322; x_wconf 31' lang='lat' dir='ltr'><strong>‚quibusdam</strong></span> <span class='ocrx_word' id='word_1_407' title='bbox 4196 4231 4464 4323; x_wconf 83' lang='lat' dir='ltr'><strong>nuptijs</strong></span> <span class='ocrx_word' id='word_1_408' title='bbox 4493 4232 4626 4297; x_wconf 88' lang='lat' dir='ltr'><strong>he-</strong></span> 
     </span>
     <span class='ocr_line' id='line_1_42' title="bbox 905 4333 4745 4426; baseline -0.001 -21"><span class='ocrx_word' id='word_1_409' title='bbox 905 4337 1161 4405; x_wconf 89' lang='lat' dir='ltr'><strong>braicis</strong></span> <span class='ocrx_word' id='word_1_410' title='bbox 1201 4339 1277 4404; x_wconf 89' lang='lat' dir='ltr'><strong>in</strong></span> <span class='ocrx_word' id='word_1_411' title='bbox 1320 4339 1590 4418; x_wconf 88' lang='lat' dir='ltr'><strong>Parma,</strong></span> <span class='ocrx_word' id='word_1_412' title='bbox 1638 4338 2011 4405; x_wconf 88' lang='lat' dir='ltr'><strong>discedens</strong></span> <span class='ocrx_word' id='word_1_413' title='bbox 2056 4337 2240 4403; x_wconf 87' lang='lat' dir='ltr'><strong>visus</strong></span> <span class='ocrx_word' id='word_1_414' title='bbox 2286 4358 2651 4403; x_wconf 90' lang='lat' dir='ltr'><strong>numerare</strong></span> <span class='ocrx_word' id='word_1_415' title='bbox 2698 4349 2929 4404; x_wconf 88' lang='lat' dir='ltr'><strong>certas</strong></span> <span class='ocrx_word' id='word_1_416' title='bbox 2972 4338 3330 4425; x_wconf 88' lang='lat' dir='ltr'><strong>pecunias,</strong></span> <span class='ocrx_word' id='word_1_417' title='bbox 3379 4360 3540 4406; x_wconf 90' lang='lat' dir='ltr'><strong>cum</strong></span> <span class='ocrx_word' id='word_1_418' title='bbox 3585 4337 4030 4426; x_wconf 86' lang='lat' dir='ltr'><strong>applicuisset</strong></span> <span class='ocrx_word' id='word_1_419' title='bbox 4075 4338 4258 4405; x_wconf 88' lang='lat' dir='ltr'><strong>ultra</strong></span> <span class='ocrx_word' id='word_1_420' title='bbox 4286 4349 4358 4405; x_wconf 88' lang='lat' dir='ltr'><strong>et</strong></span> <span class='ocrx_word' id='word_1_421' title='bbox 4389 4356 4622 4425; x_wconf 86' lang='lat' dir='ltr'><strong>prope</strong></span> <span class='ocrx_word' id='word_1_422' title='bbox 4665 4333 4745 4401; x_wconf 89' lang='grc'><strong>35</strong></span> 
     </span>
     <span class='ocr_line' id='line_1_43' title="bbox 895 4443 4628 4533; baseline -0.001 -20"><span class='ocrx_word' id='word_1_423' title='bbox 895 4457 1175 4531; x_wconf 90' lang='lat' dir='ltr'><strong>pontem</strong></span> <span class='ocrx_word' id='word_1_424' title='bbox 1223 4444 1504 4514; x_wconf 89' lang='lat' dir='ltr'><strong>Sorbuli</strong></span> <span class='ocrx_word' id='word_1_425' title='bbox 1549 4465 1787 4511; x_wconf 83' lang='lat' dir='ltr'><strong>versus</strong></span> <span class='ocrx_word' id='word_1_426' title='bbox 1829 4443 2221 4523; x_wconf 89' lang='lat' dir='ltr'><strong>Bersillum,</strong></span> <span class='ocrx_word' id='word_1_427' title='bbox 2256 4466 2298 4511; x_wconf 86' lang='lat' dir='ltr'><strong>a</strong></span> <span class='ocrx_word' id='word_1_428' title='bbox 2328 4443 2599 4511; x_wconf 90' lang='lat' dir='ltr'><strong>duobus</strong></span> <span class='ocrx_word' id='word_1_429' title='bbox 2643 4443 2962 4530; x_wconf 90' lang='lat' dir='ltr'><strong>capistris</strong></span> <span class='ocrx_word' id='word_1_430' title='bbox 2992 4444 3392 4533; x_wconf 80' lang='lat' dir='ltr'><strong>incognitis,</strong></span> <span class='ocrx_word' id='word_1_431' title='bbox 3424 4444 3828 4512; x_wconf 82' lang='lat' dir='ltr'><strong>vulneribus</strong></span> <span class='ocrx_word' id='word_1_432' title='bbox 3856 4444 4199 4515; x_wconf 87' lang='lat' dir='ltr'><strong>tredecim</strong></span> <span class='ocrx_word' id='word_1_433' title='bbox 4231 4443 4628 4512; x_wconf 89' lang='lat' dir='ltr'><strong>crudeliter</strong></span> 
     </span>
     <span class='ocr_line' id='line_1_44' title="bbox 900 4550 2427 4632; baseline 0.001 -15"><span class='ocrx_word' id='word_1_434' title='bbox 900 4552 1281 4632; x_wconf 80' lang='lat' dir='ltr'><strong>confossus,</strong></span> <span class='ocrx_word' id='word_1_435' title='bbox 1327 4562 1669 4618; x_wconf 88' lang='lat' dir='ltr'><strong>mactatus</strong></span> <span class='ocrx_word' id='word_1_436' title='bbox 1715 4561 1787 4617; x_wconf 89' lang='lat' dir='ltr'><strong>et</strong></span> <span class='ocrx_word' id='word_1_437' title='bbox 1832 4550 2223 4618; x_wconf 88' lang='lat' dir='ltr'><strong>denudatus</strong></span> <span class='ocrx_word' id='word_1_438' title='bbox 2270 4550 2427 4618; x_wconf 80' lang='lat' dir='ltr'><strong>fuit.</strong></span> 
     </span>
    </p>

    <p class='ocr_par' dir='ltr' id='par_1_18' title="bbox 887 4657 4747 5385">
     <span class='ocr_line' id='line_1_45' title="bbox 1068 4657 4625 4748; baseline 0.001 -25"><span class='ocrx_word' id='word_1_439' title='bbox 1068 4658 1201 4724; x_wconf 92' lang='lat' dir='ltr'><strong>Die</strong></span> <span class='ocrx_word' id='word_1_440' title='bbox 1232 4658 1566 4747; x_wconf 87' lang='lat' dir='ltr'><strong>vigesimo</strong></span> <span class='ocrx_word' id='word_1_441' title='bbox 1597 4658 1823 4745; x_wconf 85' lang='lat' dir='ltr'><strong>primo</strong></span> <span class='ocrx_word' id='word_1_442' title='bbox 1854 4680 2016 4748; x_wconf 84' lang='lat' dir='ltr'><strong>may</strong></span> <span class='ocrx_word' id='word_1_443' title='bbox 2054 4658 2222 4724; x_wconf 89' lang='grc'>1480</span> <span class='ocrx_word' id='word_1_444' title='bbox 2255 4677 2384 4744; x_wconf 90' lang='lat' dir='ltr'><strong>per</strong></span> <span class='ocrx_word' id='word_1_445' title='bbox 2413 4658 2679 4726; x_wconf 88' lang='lat' dir='ltr'><strong>litteras</strong></span> <span class='ocrx_word' id='word_1_446' title='bbox 2711 4658 2996 4725; x_wconf 86' lang='lat' dir='ltr'><strong>ducales</strong></span> <span class='ocrx_word' id='word_1_447' title='bbox 3027 4658 3220 4727; x_wconf 82' lang='lat' dir='ltr'><strong>facte</strong></span> <span class='ocrx_word' id='word_1_448' title='bbox 3250 4670 3411 4726; x_wconf 91' lang='lat' dir='ltr'><strong>sunt</strong></span> <span class='ocrx_word' id='word_1_449' title='bbox 3441 4659 3787 4727; x_wconf 88' lang='lat' dir='ltr'><strong>solemnes</strong></span> <span class='ocrx_word' id='word_1_450' title='bbox 3818 4659 4229 4727; x_wconf 82' lang='lat' dir='ltr'><strong>festivitates</strong></span> <span class='ocrx_word' id='word_1_451' title='bbox 4258 4659 4334 4724; x_wconf 92' lang='lat' dir='ltr'><strong>in</strong></span> <span class='ocrx_word' id='word_1_452' title='bbox 4364 4657 4625 4725; x_wconf 92' lang='lat' dir='ltr'><strong>Parma</strong></span> 
     </span>
     <span class='ocr_line' id='line_1_46' title="bbox 890 4764 4622 4857; baseline 0 -27"><span class='ocrx_word' id='word_1_453' title='bbox 890 4777 960 4832; x_wconf 87' lang='lat' dir='ltr'><strong>et</strong></span> <span class='ocrx_word' id='word_1_454' title='bbox 1003 4775 1181 4831; x_wconf 85' lang='lat' dir='ltr'><strong>totto</strong></span> <span class='ocrx_word' id='word_1_455' title='bbox 1225 4764 1537 4831; x_wconf 91' lang='lat' dir='ltr'><strong>dominio</strong></span> <span class='ocrx_word' id='word_1_456' title='bbox 1582 4764 1840 4843; x_wconf 88' lang='lat' dir='ltr'><strong>ducali,</strong></span> <span class='ocrx_word' id='word_1_457' title='bbox 1897 4765 2229 4854; x_wconf 87' lang='lat' dir='ltr'><strong>quoniam</strong></span> <span class='ocrx_word' id='word_1_458' title='bbox 2293 4765 2704 4857; x_wconf 80' lang='lat' dir='ltr'><strong>confirmata</strong></span> <span class='ocrx_word' id='word_1_459' title='bbox 2748 4776 2853 4832; x_wconf 89' lang='lat' dir='ltr'><strong>est</strong></span> <span class='ocrx_word' id='word_1_460' title='bbox 2895 4765 3188 4832; x_wconf 85' lang='lat' dir='ltr'><strong>affinitas</strong></span> <span class='ocrx_word' id='word_1_461' title='bbox 3249 4767 3669 4833; x_wconf 86' lang='lat' dir='ltr'><strong>serenissimi</strong></span> <span class='ocrx_word' id='word_1_462' title='bbox 3716 4767 3904 4855; x_wconf 76' lang='lat' dir='ltr'><strong>regis</strong></span> <span class='ocrx_word' id='word_1_463' title='bbox 3965 4765 4402 4834; x_wconf 84' lang='lat' dir='ltr'><strong>Ferdinandi</strong></span> <span class='ocrx_word' id='word_1_464' title='bbox 4460 4785 4622 4833; x_wconf 88' lang='lat' dir='ltr'><strong>com</strong></span> 
     </span>
     <span class='ocr_line' id='line_1_47' title="bbox 892 4869 4747 4960; baseline 0.001 -26"><span class='ocrx_word' id='word_1_465' title='bbox 892 4869 1352 4937; x_wconf 88' lang='lat' dir='ltr'><strong>illustrissimo</strong></span> <span class='ocrx_word' id='word_1_466' title='bbox 1399 4870 1681 4938; x_wconf 89' lang='lat' dir='ltr'><strong>domino</strong></span> <span class='ocrx_word' id='word_1_467' title='bbox 1727 4871 1906 4938; x_wconf 90' lang='lat' dir='ltr'><strong>duce</strong></span> <span class='ocrx_word' id='word_1_468' title='bbox 1952 4870 2272 4958; x_wconf 91' lang='lat' dir='ltr'><strong>Johanne</strong></span> <span class='ocrx_word' id='word_1_469' title='bbox 2319 4870 2580 4938; x_wconf 87' lang='lat' dir='ltr'><strong>Galeaz</strong></span> <span class='ocrx_word' id='word_1_470' title='bbox 2623 4871 2876 4951; x_wconf 89' lang='lat' dir='ltr'><strong>Maria,</strong></span> <span class='ocrx_word' id='word_1_471' title='bbox 2924 4871 3152 4940; x_wconf 90' lang='lat' dir='ltr'><strong>silicet</strong></span> <span class='ocrx_word' id='word_1_472' title='bbox 3181 4873 3371 4960; x_wconf 91' lang='lat' dir='ltr'><strong>quod</strong></span> <span class='ocrx_word' id='word_1_473' title='bbox 3403 4873 3505 4939; x_wconf 91' lang='lat' dir='ltr'><strong>illi</strong></span> <span class='ocrx_word' id='word_1_474' title='bbox 3538 4875 3706 4942; x_wconf 84' lang='lat' dir='ltr'><strong>data</strong></span> <span class='ocrx_word' id='word_1_475' title='bbox 3750 4885 3854 4940; x_wconf 91' lang='lat' dir='ltr'><strong>est</strong></span> <span class='ocrx_word' id='word_1_476' title='bbox 3899 4874 3971 4939; x_wconf 93' lang='lat' dir='ltr'><strong>in</strong></span> <span class='ocrx_word' id='word_1_477' title='bbox 4016 4891 4301 4940; x_wconf 84' lang='lat' dir='ltr'><strong>uxorem</strong></span> <span class='ocrx_word' id='word_1_478' title='bbox 4331 4872 4620 4940; x_wconf 90' lang='lat' dir='ltr'><strong>domina</strong></span> <span class='ocrx_word' id='word_1_479' title='bbox 4666 4873 4747 4938; x_wconf 81' lang='lat'><strong>40</strong></span> 
     </span>
     <span class='ocr_line' id='line_1_48' title="bbox 889 4977 4612 5070; baseline 0 -27"><span class='ocrx_word' id='word_1_480' title='bbox 889 4978 1187 5046; x_wconf 88' lang='lat' dir='ltr'><strong>Isabella</strong></span> <span class='ocrx_word' id='word_1_481' title='bbox 1231 4990 1394 5044; x_wconf 88' lang='lat' dir='ltr'><strong>nata</strong></span> <span class='ocrx_word' id='word_1_482' title='bbox 1440 4999 1529 5043; x_wconf 85' lang='lat' dir='ltr'><strong>ex</strong></span> <span class='ocrx_word' id='word_1_483' title='bbox 1572 4977 1859 5044; x_wconf 83' lang='lat' dir='ltr'><strong>domina</strong></span> <span class='ocrx_word' id='word_1_484' title='bbox 1905 4978 2187 5065; x_wconf 87' lang='lat' dir='ltr'><strong>Ipollita</strong></span> <span class='ocrx_word' id='word_1_485' title='bbox 2246 4997 2487 5046; x_wconf 86' lang='lat' dir='ltr'><strong>sorore</strong></span> <span class='ocrx_word' id='word_1_486' title='bbox 2534 4978 2709 5045; x_wconf 88' lang='lat' dir='ltr'><strong>alias</strong></span> <span class='ocrx_word' id='word_1_487' title='bbox 2771 4978 2972 5045; x_wconf 90' lang='lat' dir='ltr'><strong>ducis</strong></span> <span class='ocrx_word' id='word_1_488' title='bbox 3035 4980 3295 5047; x_wconf 90' lang='lat' dir='ltr'><strong>Galeaz</strong></span> <span class='ocrx_word' id='word_1_489' title='bbox 3357 4992 3428 5047; x_wconf 90' lang='lat' dir='ltr'><strong>et</strong></span> <span class='ocrx_word' id='word_1_490' title='bbox 3488 4980 3719 5047; x_wconf 87' lang='lat' dir='ltr'><strong>uxoris</strong></span> <span class='ocrx_word' id='word_1_491' title='bbox 3779 4980 3983 5046; x_wconf 90' lang='lat' dir='ltr'><strong>ducis</strong></span> <span class='ocrx_word' id='word_1_492' title='bbox 4042 4979 4398 5048; x_wconf 88' lang='lat' dir='ltr'><strong>Callabrie</strong></span> <span class='ocrx_word' id='word_1_493' title='bbox 4461 4978 4612 5070; x_wconf 81' lang='lat' dir='ltr'><strong>fillij</strong></span> 
     </span>
     <span class='ocr_line' id='line_1_49' title="bbox 893 5081 4620 5175; baseline 0.001 -25"><span class='ocrx_word' id='word_1_494' title='bbox 893 5084 1067 5151; x_wconf 88' lang='lat' dir='ltr'><strong>dicti</strong></span> <span class='ocrx_word' id='word_1_495' title='bbox 1112 5084 1298 5175; x_wconf 88' lang='lat' dir='ltr'><strong>regis</strong></span> <span class='ocrx_word' id='word_1_496' title='bbox 1342 5086 1402 5152; x_wconf 93' lang='lat' dir='ltr'>F</span> <span class='ocrx_word' id='word_1_497' title='bbox 1406 5084 1797 5163; x_wconf 90' lang='lat' dir='ltr'><strong>erdinandi,</strong></span> <span class='ocrx_word' id='word_1_498' title='bbox 1845 5106 1981 5172; x_wconf 93' lang='lat' dir='ltr'><strong>que</strong></span> <span class='ocrx_word' id='word_1_499' title='bbox 2028 5097 2134 5151; x_wconf 90' lang='lat' dir='ltr'><strong>est</strong></span> <span class='ocrx_word' id='word_1_500' title='bbox 2180 5084 2329 5152; x_wconf 89' lang='lat' dir='ltr'><strong>eius</strong></span> <span class='ocrx_word' id='word_1_501' title='bbox 2373 5085 2895 5173; x_wconf 86' lang='lat' dir='ltr'><strong>consanguinea</strong></span> <span class='ocrx_word' id='word_1_502' title='bbox 2923 5097 2994 5152; x_wconf 92' lang='lat' dir='ltr'><strong>et</strong></span> <span class='ocrx_word' id='word_1_503' title='bbox 3024 5098 3129 5153; x_wconf 89' lang='lat' dir='ltr'><strong>est</strong></span> <span class='ocrx_word' id='word_1_504' title='bbox 3173 5087 3374 5153; x_wconf 88' lang='lat' dir='ltr'><strong>etatis</strong></span> <span class='ocrx_word' id='word_1_505' title='bbox 3404 5106 3743 5153; x_wconf 91' lang='lat' dir='ltr'><strong>annorum</strong></span> <span class='ocrx_word' id='word_1_506' title='bbox 3776 5081 4040 5153; x_wconf 82' lang='lat' dir='ltr'><strong>decem.</strong></span> <span class='ocrx_word' id='word_1_507' title='bbox 4133 5086 4450 5173; x_wconf 86' lang='lat' dir='ltr'><strong>Dataque</strong></span> <span class='ocrx_word' id='word_1_508' title='bbox 4480 5086 4620 5153; x_wconf 77' lang='lat' dir='ltr'><strong>fuit</strong></span> 
     </span>
     <span class='ocr_line' id='line_1_50' title="bbox 888 5190 4622 5282; baseline 0.001 -27"><span class='ocrx_word' id='word_1_509' title='bbox 888 5191 1137 5258; x_wconf 87' lang='lat' dir='ltr'><strong>illustri</strong></span> <span class='ocrx_word' id='word_1_510' title='bbox 1190 5190 1472 5258; x_wconf 89' lang='lat' dir='ltr'><strong>domino</strong></span> <span class='ocrx_word' id='word_1_511' title='bbox 1524 5190 1891 5258; x_wconf 88' lang='lat' dir='ltr'><strong>Ludovico</strong></span> <span class='ocrx_word' id='word_1_512' title='bbox 1948 5190 2228 5259; x_wconf 83' lang='lat' dir='ltr'><strong>Sforcie</strong></span> <span class='ocrx_word' id='word_1_513' title='bbox 2280 5202 2526 5277; x_wconf 89' lang='lat' dir='ltr'><strong>patruo</strong></span> <span class='ocrx_word' id='word_1_514' title='bbox 2582 5191 2851 5259; x_wconf 90' lang='lat' dir='ltr'><strong>domini</strong></span> <span class='ocrx_word' id='word_1_515' title='bbox 2900 5191 3099 5258; x_wconf 87' lang='lat' dir='ltr'><strong>ducis</strong></span> <span class='ocrx_word' id='word_1_516' title='bbox 3144 5192 3613 5282; x_wconf 87' lang='lat' dir='ltr'><strong>primogenita</strong></span> <span class='ocrx_word' id='word_1_517' title='bbox 3658 5191 3857 5259; x_wconf 87' lang='lat' dir='ltr'><strong>ducis</strong></span> <span class='ocrx_word' id='word_1_518' title='bbox 3903 5192 4232 5261; x_wconf 86' lang='lat' dir='ltr'><strong>Herculis</strong></span> <span class='ocrx_word' id='word_1_519' title='bbox 4291 5193 4622 5260; x_wconf 84' lang='lat' dir='ltr'><strong>Extensis</strong></span> 
     </span>
     <span class='ocr_line' id='line_1_51' title="bbox 887 5294 3458 5385; baseline 0.001 -21"><span class='ocrx_word' id='word_1_520' title='bbox 887 5298 1091 5364; x_wconf 89' lang='lat' dir='ltr'><strong>etatis</strong></span> <span class='ocrx_word' id='word_1_521' title='bbox 1135 5319 1472 5365; x_wconf 89' lang='lat' dir='ltr'><strong>annorum</strong></span> <span class='ocrx_word' id='word_1_522' title='bbox 1517 5318 1661 5364; x_wconf 87' lang='lat' dir='ltr'><strong>sex.</strong></span> <span class='ocrx_word' id='word_1_523' title='bbox 1738 5294 2097 5384; x_wconf 90' lang='lat' dir='ltr'><strong>Factaque</strong></span> <span class='ocrx_word' id='word_1_524' title='bbox 2143 5297 2282 5364; x_wconf 78' lang='lat' dir='ltr'><strong>fuit</strong></span> <span class='ocrx_word' id='word_1_525' title='bbox 2324 5320 2464 5385; x_wconf 84' lang='lat' dir='ltr'><strong>pax</strong></span> <span class='ocrx_word' id='word_1_526' title='bbox 2505 5309 2844 5385; x_wconf 87' lang='lat' dir='ltr'><strong>perpetua</strong></span> <span class='ocrx_word' id='word_1_527' title='bbox 2888 5318 3045 5365; x_wconf 92' lang='lat' dir='ltr'><strong>com</strong></span> <span class='ocrx_word' id='word_1_528' title='bbox 3094 5298 3458 5367; x_wconf 85' lang='lat' dir='ltr'><strong>Sevizaris.</strong></span> 
     </span>
    </p>

    <p class='ocr_par' dir='ltr' id='par_1_19' title="bbox 887 5403 4739 5687">
     <span class='ocr_line' id='line_1_52' title="bbox 1073 5403 4739 5497; baseline 0 -26"><span class='ocrx_word' id='word_1_529' title='bbox 1073 5406 1155 5471; x_wconf 89' lang='lat' dir='ltr'><strong>In</strong></span> <span class='ocrx_word' id='word_1_530' title='bbox 1201 5405 1379 5472; x_wconf 80' lang='lat' dir='ltr'><strong>festo</strong></span> <span class='ocrx_word' id='word_1_531' title='bbox 1422 5403 1876 5471; x_wconf 86' lang='lat' dir='ltr'><strong>Ascensionis</strong></span> <span class='ocrx_word' id='word_1_532' title='bbox 1922 5403 2189 5471; x_wconf 87' lang='lat' dir='ltr'><strong>domini</strong></span> <span class='ocrx_word' id='word_1_533' title='bbox 2250 5405 2466 5471; x_wconf 84' lang='lat' dir='ltr'><strong>nostri</strong></span> <span class='ocrx_word' id='word_1_534' title='bbox 2512 5406 2681 5493; x_wconf 91' lang='lat' dir='ltr'><strong>Jesu</strong></span> <span class='ocrx_word' id='word_1_535' title='bbox 2726 5404 2984 5473; x_wconf 89' lang='lat' dir='ltr'><strong>Christi</strong></span> <span class='ocrx_word' id='word_1_536' title='bbox 3031 5404 3199 5471; x_wconf 90' lang='lat' dir='ltr'><strong>anni</strong></span> <span class='ocrx_word' id='word_1_537' title='bbox 3240 5406 3604 5492; x_wconf 88' lang='lat' dir='ltr'><strong>presentis,</strong></span> <span class='ocrx_word' id='word_1_538' title='bbox 3651 5427 3788 5495; x_wconf 91' lang='lat' dir='ltr'><strong>que</strong></span> <span class='ocrx_word' id='word_1_539' title='bbox 3834 5406 3973 5474; x_wconf 82' lang='lat' dir='ltr'><strong>fuit</strong></span> <span class='ocrx_word' id='word_1_540' title='bbox 4016 5408 4388 5475; x_wconf 88' lang='lat' dir='ltr'><strong>undecima</strong></span> <span class='ocrx_word' id='word_1_541' title='bbox 4429 5428 4616 5497; x_wconf 87' lang='lat' dir='ltr'><strong>may,</strong></span> <span class='ocrx_word' id='word_1_542' title='bbox 4663 5405 4739 5473; x_wconf 82' lang='lat'><strong>45</strong></span> 
     </span>
     <span class='ocr_line' id='line_1_53' title="bbox 887 5509 4615 5601; baseline 0 -22"><span class='ocrx_word' id='word_1_543' title='bbox 887 5513 962 5579; x_wconf 90' lang='lat' dir='ltr'><strong>in</strong></span> <span class='ocrx_word' id='word_1_544' title='bbox 1008 5511 1292 5580; x_wconf 83' lang='lat' dir='ltr'><strong>civitate</strong></span> <span class='ocrx_word' id='word_1_545' title='bbox 1337 5509 1792 5579; x_wconf 87' lang='lat' dir='ltr'><strong>Venetiarum</strong></span> <span class='ocrx_word' id='word_1_546' title='bbox 1835 5511 1972 5577; x_wconf 83' lang='lat' dir='ltr'><strong>fuit</strong></span> <span class='ocrx_word' id='word_1_547' title='bbox 2015 5510 2371 5597; x_wconf 88' lang='lat' dir='ltr'><strong>publicata</strong></span> <span class='ocrx_word' id='word_1_548' title='bbox 2414 5511 2814 5579; x_wconf 90' lang='lat' dir='ltr'><strong>solemniter</strong></span> <span class='ocrx_word' id='word_1_549' title='bbox 2858 5510 3006 5601; x_wconf 87' lang='lat' dir='ltr'><strong>liga</strong></span> <span class='ocrx_word' id='word_1_550' title='bbox 3050 5522 3121 5580; x_wconf 94' lang='lat' dir='ltr'><strong>et</strong></span> <span class='ocrx_word' id='word_1_551' title='bbox 3165 5512 3655 5581; x_wconf 80' lang='lat' dir='ltr'><strong>confederatio</strong></span> <span class='ocrx_word' id='word_1_552' title='bbox 3719 5513 3911 5581; x_wconf 80' lang='lat' dir='ltr'><strong>facta</strong></span> <span class='ocrx_word' id='word_1_553' title='bbox 3971 5513 4161 5581; x_wconf 91' lang='lat' dir='ltr'><strong>inter</strong></span> <span class='ocrx_word' id='word_1_554' title='bbox 4219 5514 4615 5582; x_wconf 88' lang='lat' dir='ltr'><strong>Ecclesiam</strong></span> 
     </span>
     <span class='ocr_line' id='line_1_54' title="bbox 889 5619 1334 5687; baseline -0.002 -1"><span class='ocrx_word' id='word_1_555' title='bbox 889 5632 959 5687; x_wconf 86' lang='lat' dir='ltr'><strong>et</strong></span> <span class='ocrx_word' id='word_1_556' title='bbox 999 5619 1334 5686; x_wconf 85' lang='lat' dir='ltr'><strong>Venetos.</strong></span> 
     </span>
    </p>

    <p class='ocr_par' dir='ltr' id='par_1_20' title="bbox 883 5725 4736 6031">
     <span class='ocr_line' id='line_1_55' title="bbox 1064 5725 4608 5817; baseline 0.001 -25"><span class='ocrx_word' id='word_1_557' title='bbox 1064 5725 1419 5814; x_wconf 88' lang='lat' dir='ltr'><strong>Vigesimo</strong></span> <span class='ocrx_word' id='word_1_558' title='bbox 1465 5735 1663 5792; x_wconf 86' lang='lat' dir='ltr'><strong>sexto</strong></span> <span class='ocrx_word' id='word_1_559' title='bbox 1709 5746 1870 5816; x_wconf 86' lang='lat' dir='ltr'><strong>may</strong></span> <span class='ocrx_word' id='word_1_560' title='bbox 1938 5725 2105 5792; x_wconf 90' lang='grc'>1480</span> <span class='ocrx_word' id='word_1_561' title='bbox 2151 5725 2433 5793; x_wconf 89' lang='lat' dir='ltr'><strong>illustris</strong></span> <span class='ocrx_word' id='word_1_562' title='bbox 2482 5727 2803 5794; x_wconf 86' lang='lat' dir='ltr'><strong>dominus</strong></span> <span class='ocrx_word' id='word_1_563' title='bbox 2846 5726 3204 5794; x_wconf 88' lang='lat' dir='ltr'><strong>Robertus</strong></span> <span class='ocrx_word' id='word_1_564' title='bbox 3250 5728 3342 5795; x_wconf 89' lang='lat' dir='ltr'><strong>de</strong></span> <span class='ocrx_word' id='word_1_565' title='bbox 3391 5727 3653 5796; x_wconf 85' lang='lat' dir='ltr'><strong>Sancto</strong></span> <span class='ocrx_word' id='word_1_566' title='bbox 3702 5727 4047 5797; x_wconf 83' lang='lat' dir='ltr'><strong>Severino</strong></span> <span class='ocrx_word' id='word_1_567' title='bbox 4094 5729 4467 5817; x_wconf 86' lang='lat' dir='ltr'><strong>deputatus</strong></span> <span class='ocrx_word' id='word_1_568' title='bbox 4513 5729 4608 5796; x_wconf 90' lang='lat' dir='ltr'><strong>ad</strong></span> 
     </span>
     <span class='ocr_line' id='line_1_56' title="bbox 889 5830 4616 5921; baseline 0.002 -25"><span class='ocrx_word' id='word_1_569' title='bbox 889 5830 1202 5921; x_wconf 86' lang='lat' dir='ltr'><strong>regimen</strong></span> <span class='ocrx_word' id='word_1_570' title='bbox 1246 5843 1461 5898; x_wconf 89' lang='lat' dir='ltr'><strong>status</strong></span> <span class='ocrx_word' id='word_1_571' title='bbox 1504 5831 1890 5898; x_wconf 89' lang='lat' dir='ltr'><strong>Mediolani</strong></span> <span class='ocrx_word' id='word_1_572' title='bbox 1935 5852 2092 5899; x_wconf 89' lang='lat' dir='ltr'><strong>cum</strong></span> <span class='ocrx_word' id='word_1_573' title='bbox 2138 5832 2389 5899; x_wconf 90' lang='lat' dir='ltr'><strong>illustri</strong></span> <span class='ocrx_word' id='word_1_574' title='bbox 2438 5832 2727 5901; x_wconf 90' lang='lat' dir='ltr'><strong>domino</strong></span> <span class='ocrx_word' id='word_1_575' title='bbox 2787 5832 3155 5900; x_wconf 87' lang='lat' dir='ltr'><strong>Ludovico</strong></span> <span class='ocrx_word' id='word_1_576' title='bbox 3209 5833 3490 5902; x_wconf 83' lang='lat' dir='ltr'><strong>Sforcia</strong></span> <span class='ocrx_word' id='word_1_577' title='bbox 3552 5836 3734 5903; x_wconf 91' lang='lat' dir='ltr'><strong>duce</strong></span> <span class='ocrx_word' id='word_1_578' title='bbox 3794 5835 4016 5916; x_wconf 91' lang='lat' dir='ltr'><strong>Barri,</strong></span> <span class='ocrx_word' id='word_1_579' title='bbox 4081 5836 4351 5903; x_wconf 88' lang='lat' dir='ltr'><strong>ducalis</strong></span> <span class='ocrx_word' id='word_1_580' title='bbox 4395 5848 4616 5903; x_wconf 83' lang='lat' dir='ltr'><strong>status</strong></span> 
     </span>
     <span class='ocr_line' id='line_1_57' title="bbox 883 5936 4736 6031; baseline 0.002 -29"><span class='ocrx_word' id='word_1_581' title='bbox 883 5936 1192 6028; x_wconf 86' lang='lat' dir='ltr'><strong>generali</strong></span> <span class='ocrx_word' id='word_1_582' title='bbox 1237 5938 1727 6027; x_wconf 88' lang='lat' dir='ltr'><strong>gubernatore,</strong></span> <span class='ocrx_word' id='word_1_583' title='bbox 1760 5938 2102 6026; x_wconf 87' lang='lat' dir='ltr'><strong>applicuit</strong></span> <span class='ocrx_word' id='word_1_584' title='bbox 2130 5938 2207 6003; x_wconf 90' lang='lat' dir='ltr'><strong>in</strong></span> <span class='ocrx_word' id='word_1_585' title='bbox 2238 5949 2473 6008; x_wconf 89' lang='lat' dir='ltr'><strong>castro</strong></span> <span class='ocrx_word' id='word_1_586' title='bbox 2506 5939 2874 6031; x_wconf 85' lang='lat' dir='ltr'><strong>Collurnij,</strong></span> <span class='ocrx_word' id='word_1_587' title='bbox 2907 5939 3121 6008; x_wconf 88' lang='lat' dir='ltr'><strong>iturus</strong></span> <span class='ocrx_word' id='word_1_588' title='bbox 3154 5939 3397 6021; x_wconf 89' lang='lat' dir='ltr'><strong>Senas,</strong></span> <span class='ocrx_word' id='word_1_589' title='bbox 3428 5941 3550 6011; x_wconf 89' lang='lat' dir='ltr'><strong>ubi</strong></span> <span class='ocrx_word' id='word_1_590' title='bbox 3581 5940 3841 6008; x_wconf 85' lang='lat' dir='ltr'><strong>dicitur</strong></span> <span class='ocrx_word' id='word_1_591' title='bbox 3885 5963 4036 6010; x_wconf 90' lang='lat' dir='ltr'><strong>esse</strong></span> <span class='ocrx_word' id='word_1_592' title='bbox 4067 5944 4210 6012; x_wconf 85' lang='lat' dir='ltr'><strong>dux</strong></span> <span class='ocrx_word' id='word_1_593' title='bbox 4255 5943 4610 6012; x_wconf 89' lang='lat' dir='ltr'><strong>Callabrie</strong></span> <span class='ocrx_word' id='word_1_594' title='bbox 4655 5941 4736 6008; x_wconf 91' lang='grc'><strong>50</strong></span> 
     </span>
    </p>
   </div>
  </div>
 </body>
</html>
