4895 7066
352 487 427 562 [A.
461 488 608 544 ¹⁴8²
638 484 1106 558 lagno-agusto]
1450 477 1566 552 IN
1618 473 2132 550 PARTLBUS
2188 472 2825 550 LOMBARDIE
3847 468 3990 547 113

327 738 617 827 draginta,
664 736 967 802 audaces
1018 748 1090 803 et
1134 735 1439 803 vindicte
1473 734 1731 823 cupidi.
1821 736 1914 803 Et
1941 735 2121 804 ultra
2150 757 2273 804 eos
2300 737 2590 804 aderant
2619 735 3017 823 quammulti
3048 733 3320 822 pedites
3350 732 3634 813 exulles,
3664 745 3740 801 ut
3767 751 3995 823 supra,

323 844 419 913 ad'
457 863 808 910 numerum
853 843 1333 910 ducentorum.
3969 911 3978 919 ,

460 951 609 1017 Hoc
656 950 864 1016 etiam
909 963 1226 1036 tempore
1279 948 1561 1017 obtento
1593 962 1820 1019 castro
1865 949 2197 1040 Figarolli
2229 964 2298 1019 et
2329 951 2482 1041 aliis
2526 951 2754 1019 multis
2803 949 3041 1017 castris
3086 947 3285 1016 ducis
3330 947 3633 1027 Ferarie,
3664 947 3992 1017 videlicet

308 1056 623 1134 Mellario,
668 1054 1000 1143 Rovigio‚
1047 1053 1350 1121 Abbatia
1404 1068 1475 1123 et
1524 1069 1671 1123 toto
1716 1056 2070 1136 Pollisino,
2119 1057 2393 1124 illustris
2439 1057 2757 1124 dominus
2808 1055 3162 1124 Robertus
3205 1056 3295 1122 de
3351 1054 3611 1121 Sancto
3659 1054 3995 1122 Severino

228 1166 267 1236 5
304 1163 680 1250 capitaneus
728 1163 1155 1229 Venetorum
1202 1174 1427 1227 castra
1469 1162 1699 1249 posuit
1746 1163 2032 1230 Stellate
2080 1163 2291 1250 opido
2339 1163 2707 1230 fortissimo
2753 1163 2950 1229 ducis
2995 1161 3276 1229 Ferarie
3326 1180 3480 1227 com
3526 1157 3756 1226 multis
3799 1159 3996 1228 bom-

298 1269 528 1347 bardis,
574 1281 922 1356 temptans
968 1288 1125 1334 com
1171 1268 1448 1357 navigio
1495 1281 1564 1335 et
1611 1269 1911 1335 terrestri
1956 1269 2261 1337 exercitu
2307 1270 2496 1336 illinc
2543 1270 2715 1337 citra
2757 1268 3026 1335 Padum
3069 1266 3424 1334 transitum
3469 1268 3730 1334 facere.

459 1373 619 1452 Quo
670 1376 879 1441 etiam
926 1386 1236 1461 tempore
1268 1374 1339 1440 in
1372 1375 1609 1441 castris
1637 1375 1708 1441 in
1740 1396 1909 1464 agro
1939 1376 2295 1444 Parmensi
2343 1376 2786 1443 existentibus
2815 1373 3212 1463 portabatur
3245 1385 3316 1440 et
3342 1372 3771 1440 vendebatur
3799 1374 3998 1460 panis

296 1482 605 1550 {rumenti
649 1481 1004 1548 onziarum
1048 1481 1250 1547 trium
1294 1502 1424 1567 pro
1470 1482 1740 1570 singulo
1800 1504 2005 1570 pane,
2052 1483 2171 1569 qui
2215 1482 2644 1550 vendebatur
2691 1482 2906 1549 tribus
2950 1480 3255 1570 denariis
3297 1500 3426 1567 pro
3471 1479 3742 1567 singulo
3786 1497 3991 1566 pane.

294 1592 375 1658 Et
414 1590 511 1656 sic
555 1587 866 1675 quelibet
908 1588 1107 1655 onzia
1150 1587 1348 1674 panis
1390 1588 1824 1656 vendebatur
1866 1609 2006 1656 uno
2052 1590 2341 1658 denario
2386 1602 2457 1657 et
2502 1590 2781 1657 starium
2826 1587 3153 1655 frumenti
3196 1587 3476 1655 valebat
3518 1586 3734 1653 soldis
3791 1587 3990 1674 quin-

176 1705 259 1768 10
295 1697 621 1786 quaginta-

455 1802 812 1890 Vigesimo
858 1801 1096 1889 quinto
1140 1801 1315 1894 jullij
1365 1824 1523 1869 cum
1571 1803 1660 1870 ab
1706 1804 2017 1872 exercitu
2045 1803 2304 1871 ducalli
2335 1803 2767 1871 obsideretur
2799 1814 2869 1870 et
2899 1801 3466 1870 bombardaretur
3509 1811 3808 1866 castrum
3838 1799 3990 1867 Ro-

295 1909 707 1977 cheblanche
756 1909 871 1975 die
919 1922 1286 1998 noctuque,
1335 1910 1707 1977 existentes
1753 1912 1822 1976 in
1870 1931 2031 1979 arce
2078 1932 2208 1998 pro
2253 1910 2538 1978 tuitione
2583 1909 2723 1977 loci
2754 1909 2984 1997 ipsius,
3018 1908 3198 1977 initis
3243 1906 3559 1994 capitulis
3604 1925 3760 1974 com
3792 1906 3993 1974 Sfor-

295 2017 409 2095 cia,
455 2015 894 2083 concorditer
938 2028 1009 2083 et
1067 2016 1461 2102 proditorie·
1492 2029 1790 2084 castrum
1837 2017 2057 2104 ipsum
2120 2017 2463 2096 dederunt
2506 2017 2695 2083 dicto
2763 2016 3059 2084 Sforcie.
3152 2013 3296 2092 Qui
3342 2013 3622 2081 Sforcia
3660 2012 3995 2100 promissa

291 2145 706 2211 nequaquam
751 2123 1067 2202 servavit,
1114 2124 1241 2189 sed
1286 2124 1424 2189 fide
1472 2124 1697 2190 fracta
1725 2125 1977 2191 multos
2007 2125 2318 2191 affidatos
2348 2124 2632 2191 mactari
2661 2123 2881 2215 jussit,
2927 2144 3014 2190 ac
3059 2124 3420 2189 multorum
3468 2120 3654 2187 bona
3681 2139 3992 2187 sacoma-

176 2230 254 2297 15
295 2231 430 2295 nari
472 2244 540 2296 et
580 2230 834 2295 multos
882 2230 1045 2295 duci
1089 2229 1263 2295 fecit
1305 2229 1805 2309 Mediolanum,
1852 2232 2065 2297 multa
2124 2231 2305 2297 mala
2350 2231 2496 2297 sine
2551 2230 3022 2297 misericordia
3067 2228 3575 2316 perpetrand03
3636 2225 3988 2313 incidique

296 2337 452 2403 iecit
493 2337 723 2402 omnia
767 2356 1054 2402 nemora
1098 2336 1445 2424 magnifici
1492 2337 1756 2403 domini
1787 2337 2194 2405 Petrimarie
2242 2340 2332 2406 de
2380 2336 2647 2405 Rubeis
2676 2337 2818 2403 illic
2850 2349 2921 2404 et
2967 2336 3204 2404 Sancti
3251 2333 3563 2403 Secundi
3609 2331 3984 2411 existentia,

296 2464 419 2530 que
451 2445 659 2509 multa
705 2455 774 2508 et
818 2442 1110 2530 pulchra
1156 2456 1351 2509 erant
1381 2456 1452 2509 et
1497 2463 1734 2511 eorum
1781 2444 1968 2533 ligna
1996 2445 2159 2513 vehi
2203 2444 2375 2512 fecit
2426 2444 2713 2511 Mantue
2762 2457 2833 2512 et
2875 2442 3180 2521 Ferarie,
3213 2460 3497 2509 nemora
3543 2439 3693 2527 ipsa
3721 2438 3989 2507 damni-

293 2551 546 2616 ficando
594 2551 687 2617 de
735 2549 1004 2616 ducatis
1047 2549 1410 2637 plusquam
1459 2552 1706 2617 decem
1752 2551 2051 2618 millibus
2095 2552 2261 2619 auri.

454 2655 809 2744 Vigesimo
869 2669 1063 2722 sexto
1107 2656 1281 2746 jullij
1347 2658 1751 2744 magnificus
1812 2672 1883 2725 et
1943 2658 2221 2725 illustris
2283 2659 2600 2726 dominus
2660 2656 3119 2726 Petrusmaria
3177 2655 3486 2736 Rubeus,
3548 2654 3846 2721 existens
3903 2651 3975 2717 in

172 2764 255 2825 20
294 2763 537 2830 Sancto
586 2762 917 2829 Secundo
949 2762 1340 2850 aliqualiter
1367 2763 1692 2842 infirmus,
1725 2764 2079 2831 intellecta
2121 2765 2515 2852 proditione
2563 2776 2634 2831 et
2678 2763 2951 2850 perdita
2993 2761 3567 2841 Rocheblanche,
3612 2781 3686 2827 se
3716 2761 3982 2847 portari

290 2869 450 2935 fecit
490 2869 561 2934 in
604 2868 876 2936 barella
919 2870 1010 2935 ad
1055 2882 1356 2935 castrum
1403 2892 1601 2936 suum
1633 2872 2056 2951 Turisclare,
2089 2872 2379 2959 stipatus
2425 2871 2659 2939 multis
2704 2870 3069 2958 armigeris
3115 2881 3186 2936 et
3228 2861 3624 2956 peditibuss

452 2977 678 3043 Vento
723 2976 1089 3064 magnifico
1138 2976 1422 3043 domino
1466 2976 1898 3045 Petromaria
1942 2979 2017 3043 in
2063 2978 2467 3057 Tui-celata,
2513 2979 2923 3066 magnificus
2971 2977 3291 3043 dominus
3323 2973 3558 3042 Guido
3588 2973 3795 3040 fillius
3822 2993 3986 3041 suus

286 3104 353 3150 se
378 3085 720 3151 transtulit
751 3104 907 3150 com
938 3083 1170 3150 multis
1200 3084 1565 3174 armigeris
1610 3098 1681 3152 et
1709 3085 2061 3171 peditibus
2106 3085 2179 3150 in
2215 3099 2441 3154 castro
2481 3086 2724 3153 Sancti
2761 3084 3069 3152 Secundi
3111 3084 3206 3152 ad
3235 3083 3619 3150 custodiam
3649 3093 3719 3148 et
3748 3082 3989 3150 tuitio-

286 3212 433 3258 nem
459 3192 639 3256 illius
670 3190 834 3268 loci,
870 3211 1009 3257 non
1039 3190 1218 3258 bene
1250 3191 1471 3257 fidens
1503 3191 1590 3257 de
1620 3192 2013 3260 hominibus
2047 3192 2184 3259 loci
2217 3192 2457 3279 ipsius.
2550 3192 2681 3260 Cui
2717 3191 2999 3258 Sforcia
3027 3188 3413 3256 minabatur
3444 3201 3671 3257 castra
3700 3208 3985 3276 ponere,

172 3292 249 3357 25
286 3299 352 3362 in
393 3320 473 3365 eo
516 3298 677 3365 loco
722 3316 992 3383 ponens
1032 3296 1214 3364 ultra
1260 3297 1642 3386 terrigenas
1673 3299 2020 3367 animosos
2050 3300 2297 3388 viginti
2327 3299 2704 3387 armigeros
2736 3309 2807 3365 et
2837 3311 3113 3366 centum
3143 3296 3420 3384 pedites
3446 3294 3986 3383 probatissimos.

446 3406 521 3470 In
564 3406 703 3470 fine
751 3403 920 3470 dicti
965 3403 1222 3471 mensis
1260 3403 1433 3494 jullij
1486 3406 1834 3472 exercitus
1881 3404 2176 3472 ducallis
2207 3405 2790 3493 appropinquavit
2820 3426 2893 3472 se
2926 3404 3186 3471 Sancto
3218 3401 3547 3470 Secundo
3595 3413 3667 3469 et
3710 3402 3874 3468 dum
3906 3424 3980 3469 se

284 3511 416 3580 illic
446 3513 713 3579 firmare
761 3511 973 3590 velet,
1020 3510 1381 3578 insultatus
1425 3532 1469 3578 a
1511 3511 1883 3600 magnifico
1916 3513 2202 3580 domino
2234 3513 2581 3594 Guidone‚
2630 3511 2952 3602 expulsus
2982 3511 3137 3589 suit,
3167 3529 3327 3578 com
3359 3520 3647 3596 captura
3691 3521 3763 3577 et
3804 3509 3983 3580 cede

280 3618 632 3687 multorum
681 3618 1056 3698 ducalium,
1103 3618 1204 3684 ita
1248 3618 1438 3705 quod
1484 3619 1829 3686 exercitus
1875 3620 2022 3707 ipse
2067 3620 2266 3687 illinc
2314 3621 2626 3688 recessit.

446 3726 775 3794 Secundo
820 3726 1093 3815 augusti
1136 3725 1420 3793 illustris
1467 3727 1786 3794 dominus
1831 3724 2224 3795 Bonifatius
2281 3730 2595 3796 marchio
2640 3726 3129 3806 Montisferati,
3174 3726 3269 3793 ad
3313 3726 3660 3813 stipendia
3704 3725 3982 3794 ducalia

146 3824 225 3889 30
266 3831 576 3912 militans,
607 3832 829 3898 missit
860 3853 1071 3897 unum
1106 3833 1250 3900 eius
1280 3833 1764 3900 canzellarium
1796 3834 1887 3900 ad
1917 3833 2254 3902 illustrem
2287 3836 2644 3902 dominum
2674 3833 3241 3901 Petrummariam
3272 3833 3597 3900 Rubeum
3641 3833 3715 3898 in
3759 3833 3985 3900 Ture-

275 3941 454 4005 clara
478 3961 607 4027 pro
641 3958 820 4026 pace
852 3950 924 4005 et
956 3938 1337 4021 concordio
1368 3940 1740 4007 tractando
1773 3961 1929 4008 com
1963 3952 2149 4009 statu
2191 3941 2605 4009 Mediolani.
2700 3940 2843 4019 Qui
2873 3939 3324 4007 canzellarius
3353 3938 3604 4006 bonam
3635 3938 3983 4026 promissit

272 4066 526 4131 pacem,
570 4047 630 4111 si
674 4046 827 4131 ipse
875 4043 1195 4111 dominus
1240 4042 1704 4112 Petrusmaria
1763 4047 1950 4115 velet
2009 4050 2232 4134 ipsam
2292 4068 2541 4135 pacem
2586 4060 2659 4115 et
2704 4046 3080 4115 dissolvere
3145 4060 3354 4133 pacta
3413 4065 3546 4132 per
3588 4066 3745 4112 eum
3809 4066 3980 4113 con-

273 4162 484 4220 tracta
527 4172 684 4220 com
730 4151 1040 4229 Venetis,
1086 4150 1319 4217 multis
1362 4151 1744 4219 rationibus
1778 4164 2101 4221 exortans
2131 4155 2356 4241 ipsum
2391 4154 2483 4220 ad
2512 4154 2747 4222 tallem
2790 4173 3035 4240 pacem
3080 4165 3149 4220 et
3189 4152 3505 4220 ultimate
3535 4150 3982 4230 concludens,

276 4260 452 4346 quod
493 4260 684 4325 idem
730 4256 1060 4335 marchio,
1107 4268 1185 4322 ut
1230 4256 1492 4323 amicus
1535 4259 1841 4344 prefacti
1887 4260 2155 4326 domini
2199 4260 2629 4341 Petrimarie,
2663 4260 2891 4327 eidem
2924 4257 3502 4346 compatiebatur,
3544 4257 3813 4346 sibique
3859 4276 3982 4324 ne-

155 4352 230 4419 35
280 4384 457 4430 cesse
503 4376 673 4442 erat,
721 4376 797 4431 ut
842 4362 1113 4430 ductori
1159 4375 1230 4430 et
1275 4362 1689 4449 stipendiato
1752 4364 2008 4432 ducalli
2067 4363 2203 4433 sibi
2265 4387 2550 4456 gueram
2598 4366 2857 4433 facere.
2950 4365 3082 4434 Cui
3139 4365 3554 4432 canzellario
3597 4364 3983 4450 respondit,

280 4473 451 4557 quod
494 4472 585 4537 ad
632 4471 891 4537 dictam
937 4490 1187 4556 pacem
1232 4470 1604 4556 pervenire
1635 4490 1774 4536 non
1806 4482 2080 4558 poterat
2110 4484 2335 4540 stante
2369 4472 2943 4540 confederatione
2973 4471 3211 4539 habita
3241 4491 3398 4539 com
3429 4470 3741 4550 Venetis,
3773 4488 3980 4558 quam

281 4577 550 4643 cohacte
596 4590 669 4644 et
710 4578 1071 4643 lacessitus
1116 4578 1388 4644 fecerat
1434 4586 1504 4643 et
1550 4576 1849 4663 amplius
1894 4578 2339 4645 retrocedere
2387 4600 2530 4646 non
2576 4590 2874 4666 poterat,
2909 4598 2996 4646 ne
3027 4578 3099 4643 in
3129 4578 3266 4644 fide
3302 4578 3631 4644 deficeret
3675 4589 3748 4644 et
3793 4578 3985 4663 quod

282 4683 484 4767 potius
525 4682 810 4750 volebat
853 4694 1105 4749 statum
1151 4703 1350 4749 suum
1397 4683 1719 4769 perdere,
1767 4684 2165 4752 mendicare
2198 4683 2299 4752 et'
2329 4705 2458 4772 per
2487 4685 2714 4753 aliena
2743 4697 2930 4753 tecta
2958 4684 3321 4772 proficisci,
3368 4702 3572 4771 quam
3616 4703 3690 4749 se
3737 4683 3967 4750 Palla-

286 4789 500 4856 vicinis
543 4789 965 4868 submittere,
1012 4789 1130 4876 qui
1176 4788 1381 4855 totius
1425 4789 1629 4856 huius
1661 4790 2114 4857 discensionis
2144 4813 2352 4858 causa
2381 4804 2597 4859 erant.
2686 4793 2780 4859 Et
2809 4790 3100 4880 rogabat
3145 4790 3441 4857 eundem
3486 4789 3981 4869 marchionem,

174 4886 249 4950 40
290 4897 453 4981 quod
493 4899 883 4963 hortaretur
926 4907 1174 4962 statum
1223 4893 1606 4961 Mediolani
1654 4897 1745 4962 ad
1790 4917 1865 4964 se
1912 4898 2002 4963 de
2050 4899 2282 4965 medio
2326 4899 2508 4966 inter
2552 4921 2706 4965 eum
2756 4910 2826 4966 et
2869 4897 3333 4965 Pallavicinos
3379 4896 3772 4976 levandum,
3804 4916 3977 4984 quo-

289 5003 444 5067 niam
487 5003 687 5069 statui
733 5001 1117 5068 Mediolani
1163 5021 1305 5068 non
1350 5014 1657 5081 noceret,
1703 5002 1835 5069 nisi
1880 5002 1933 5069 si
1984 5015 2053 5070 et
2098 5016 2435 5091 quatenus
2481 5005 2839 5073 lacessitus
2884 5005 2977 5072 ad
3022 5006 3159 5071 hoc
3206 5016 3560 5070 artaretur.

436 5108 826 5175 Undecimo
871 5108 1142 5196 augusti
1190 5108 1532 5174 exercitus
1563 5108 1872 5190 ducallis,
1912 5110 2032 5197 qui
2078 5123 2229 5178 erat
2270 5111 2343 5177 in
2386 5110 2566 5179 villis
2598 5111 2837 5179 Sancti
2882 5111 3207 5190 Secundi,
3254 5130 3329 5176 se
3377 5108 3632 5176 levavit
3678 5121 3748 5175 et
3790 5109 3978 5175 venit

293 5234 495 5281 versus
538 5215 921 5281 Nucetum:
973 5214 1228 5281 deinde
1277 5214 1460 5280 infra
1505 5236 1628 5281 sex
1672 5216 1822 5282 dies
1866 5238 2181 5284 reversus
2212 5228 2316 5286 est
2346 5218 2416 5283 in
2446 5217 2736 5306 pristino
2765 5219 2927 5285 loco
2960 5217 3198 5286 Sancti
3244 5216 3570 5295 Secundi,
3618 5235 3757 5303 quo
3801 5215 3976 5281 inte-

295 5320 394 5384 rim
435 5333 690 5387 stantes
736 5321 808 5387 in
854 5320 1115 5387 Sancto
1165 5320 1516 5402 Secundo,
1565 5321 1999 5411 collegerunt
2045 5347 2213 5391 uvas
2259 5324 2421 5392 licet
2468 5324 2762 5393 acerbas
2807 5337 2878 5392 et
2921 5326 2993 5391 in
3037 5324 3222 5391 bona
3266 5323 3664 5412 quantitate.

55 5444 75 5483 f*
182 5410 259 5478 45
436 5428 870 5495 Duodecimo
914 5427 1185 5515 augusti
1229 5425 1588 5514 prefactus
1633 5428 1939 5495 marchio
1972 5429 2440 5498 Montisferati
2471 5451 2628 5497 com
2659 5430 2978 5520 gentibus
3008 5431 3165 5509 suis,
3199 5429 3422 5496 silicet
3465 5428 3783 5516 squadris
3812 5449 3981 5516 qua-

296 5543 435 5613 tuor,
465 5535 652 5601 venit
684 5534 756 5599 in
785 5554 957 5621 agro
988 5533 1397 5600 Placentino
1428 5546 1504 5601 ut
1533 5535 1762 5603 veniat
1791 5537 1885 5602 ad
1919 5536 2248 5604 Sanctum
2282 5537 2676 5605 Secundum
2708 5550 2780 5605 et
2826 5560 2898 5605 se
2944 5536 3185 5626 jungat
3230 5535 3560 5602 exercitui
3608 5534 3885 5602 ducalli.

434 5643 638 5709 Circa
687 5640 1040 5708 dimidium
1088 5640 1252 5707 dicti
1298 5641 1549 5707 mensis
1596 5643 1887 5730 augusti,
1937 5641 2100 5710 dum
2143 5627 2467 5710 dominus
2498 5644 2847 5731 Johannes
2879 5642 3302 5732 Augustinus
3332 5643 3420 5708 de
3465 5641 3976 5731 Campofrugo-

298 5747 369 5813 sio
409 5748 770 5835 Januensis
816 5747 1204 5813 conductus
1248 5757 1431 5813 esset
1476 5748 1566 5813 ad
1614 5748 1955 5834 stipendia
2000 5748 2297 5830 Veneta,
2345 5761 2422 5819 ut
2467 5770 2541 5817 se
2584 5750 2656 5816 in
2703 5749 3060 5821 Parmensi
3099 5752 3439 5840 'jungeret
3483 5767 3640 5820 com
3686 5746 3976 5829 Rubeis,

1022 5912 1100 5920 ss——.

296 5912 423 5921 ——.—-..
692 5914 761 5920 —-

434 6001 615 6068 26-27.
656 6015 720 6053 se
758 5999 899 6068 unc]
939 6014 1001 6051 se
1035 6002 1150 6054 illic
1184 6017 1246 6055 se
1281 6004 1396 6056 cod.

557 6233 1248 6301 T.xxn,p.m-8

4145 865 4305 916 Mun..
4336 865 4420 910 3⁸⁸

4140 982 4352 1016 &mv

4132 3435 4175 3467 Co
4205 3433 4288 3466 us
4313 3432 4340 3465 Υ

4119 4703 4277 4753 Mun..
4306 4701 4396 4744 ³⁸⁹

4135 5672 4176 5706 C.
4207 5671 4292 5703 nt
4316 5671 4348 5703 O
