<?xml version="1.0" encoding="UTF-8"?>
<!DOCTYPE html PUBLIC "-//W3C//DTD XHTML 1.0 Transitional//EN"
    "http://www.w3.org/TR/xhtml1/DTD/xhtml1-transitional.dtd">
<html xmlns="http://www.w3.org/1999/xhtml" xml:lang="en" lang="en">
 <head>
  <title>
</title>
<meta http-equiv="Content-Type" content="text/html;charset=utf-8" />
  <meta name='ocr-system' content='tesseract 3.04.00' />
  <meta name='ocr-capabilities' content='ocr_page ocr_carea ocr_par ocr_line ocrx_word'/>
</head>
<body>
  <div class='ocr_page' id='page_1' title='image "./cronicagestorum00bonagoog_0019.png"; bbox 0 0 4895 7066; ppageno 0'>
   <div class='ocr_carea' id='block_1_1' title="bbox 205 543 1026 617">
    <p class='ocr_par' dir='ltr' id='par_1_1' title="bbox 205 543 1026 617">
     <span class='ocr_line' id='line_1_1' title="bbox 205 543 1026 617; baseline 0 -15"><span class='ocrx_word' id='word_1_1' title='bbox 205 544 303 617; x_wconf 57' lang='lat' dir='ltr'><strong>[A.</strong></span> <span class='ocrx_word' id='word_1_2' title='bbox 342 546 507 600; x_wconf 75' lang='lat'><strong>14⁷⁶</strong></span> <span class='ocrx_word' id='word_1_3' title='bbox 549 543 877 602; x_wconf 75' lang='lat' dir='ltr'><strong>aioembre</strong></span> <span class='ocrx_word' id='word_1_4' title='bbox 914 548 1026 617; x_wconf 83' lang='lat'><strong>26]</strong></span> 
     </span>
    </p>
   </div>
   <div class='ocr_carea' id='block_1_2' title="bbox 209 1748 3950 1944">
    <p class='ocr_par' dir='ltr' id='par_1_2' title="bbox 209 1748 3950 1944">
     <span class='ocr_line' id='line_1_2' title="bbox 209 1748 3950 1838; baseline -0.001 -18"><span class='ocrx_word' id='word_1_5' title='bbox 209 1753 345 1820; x_wconf 72' lang='lat' dir='ltr'><strong>Hac</strong></span> <span class='ocrx_word' id='word_1_6' title='bbox 386 1770 515 1818; x_wconf 63' lang='lat' dir='ltr'><strong>mr</strong></span> <span class='ocrx_word' id='word_1_7' title='bbox 560 1750 1025 1820; x_wconf 90' lang='lat' dir='ltr'>CRONICA</span> <span class='ocrx_word' id='word_1_8' title='bbox 1066 1771 1163 1818; x_wconf 80' lang='lat' dir='ltr'><strong>m·</strong></span> <span class='ocrx_word' id='word_1_9' title='bbox 1208 1748 1345 1818; x_wconf 91' lang='lat' dir='ltr'><strong>AN</strong></span> <span class='ocrx_word' id='word_1_10' title='bbox 1350 1748 1636 1819; x_wconf 86' lang='lat' dir='ltr'>NALIS</span> <span class='ocrx_word' id='word_1_11' title='bbox 1683 1749 2225 1819; x_wconf 88' lang='lat' dir='ltr'><strong>GESTORUM</strong></span> <span class='ocrx_word' id='word_1_12' title='bbox 2256 1768 2352 1817; x_wconf 70' lang='lat' dir='ltr'><strong>Aa</strong></span> <span class='ocrx_word' id='word_1_13' title='bbox 2399 1768 2600 1817; x_wconf 69' lang='lat' dir='ltr'><strong>mo</strong></span> <span class='ocrx_word' id='word_1_14' title='bbox 2646 1768 3127 1817; x_wconf 64' lang='lat' dir='ltr'><strong>uxum-rans</strong></span> <span class='ocrx_word' id='word_1_15' title='bbox 3169 1768 3432 1818; x_wconf 76' lang='lat' dir='ltr'><strong>nomm</strong></span> <span class='ocrx_word' id='word_1_16' title='bbox 3476 1767 3741 1818; x_wconf 70' lang='lat' dir='ltr'><strong>noenu</strong></span> <span class='ocrx_word' id='word_1_17' title='bbox 3776 1749 3950 1838; x_wconf 72' lang='lat' dir='ltr'><strong>Jnsu</strong></span> 
     </span>
     <span class='ocr_line' id='line_1_3' title="bbox 320 1863 3946 1944; baseline -0.001 -9"><span class='ocrx_word' id='word_1_18' title='bbox 320 1869 631 1935; x_wconf 75' lang='lat' dir='ltr'><strong>Cumsn</strong></span> <span class='ocrx_word' id='word_1_19' title='bbox 669 1880 916 1934; x_wconf 73' lang='lat' dir='ltr'><strong>erm</strong></span> <span class='ocrx_word' id='word_1_20' title='bbox 959 1887 1337 1934; x_wconf 63' lang='lat' dir='ltr'><strong>mmsssrm</strong></span> <span class='ocrx_word' id='word_1_21' title='bbox 1386 1884 2096 1944; x_wconf 68' lang='lat' dir='ltr'><strong>Quannmomrnstm</strong></span> <span class='ocrx_word' id='word_1_22' title='bbox 2143 1884 2666 1934; x_wconf 60' lang='lat' dir='ltr'><strong>mauman</strong></span> <span class='ocrx_word' id='word_1_23' title='bbox 2712 1885 3002 1933; x_wconf 71' lang='lat' dir='ltr'><strong>aarum</strong></span> <span class='ocrx_word' id='word_1_24' title='bbox 3037 1867 3142 1933; x_wconf 93' lang='lat' dir='ltr'><strong>IN</strong></span> <span class='ocrx_word' id='word_1_25' title='bbox 3173 1863 3660 1934; x_wconf 89' lang='lat' dir='ltr'>PARTIBUS</span> <span class='ocrx_word' id='word_1_26' title='bbox 3703 1864 3946 1933; x_wconf 89' lang='lat' dir='ltr'><strong>LOM-</strong></span> 
     </span>
    </p>
   </div>
   <div class='ocr_carea' id='block_1_3' title="bbox 319 1981 3936 2166">
    <p class='ocr_par' dir='ltr' id='par_1_3' title="bbox 319 1981 3936 2166">
     <span class='ocr_line' id='line_1_4' title="bbox 319 1981 3936 2064; baseline -0 -14"><span class='ocrx_word' id='word_1_27' title='bbox 319 1982 686 2051; x_wconf 88' lang='lat' dir='ltr'><strong>BARDIE</strong></span> <span class='ocrx_word' id='word_1_28' title='bbox 740 1983 877 2050; x_wconf 92' lang='lat' dir='ltr'><strong>ET</strong></span> <span class='ocrx_word' id='word_1_29' title='bbox 939 1982 1405 2064; x_wconf 89' lang='lat' dir='ltr'><strong>RELIQUIS</strong></span> <span class='ocrx_word' id='word_1_30' title='bbox 1451 1981 1780 2049; x_wconf 89' lang='lat' dir='ltr'><strong>ITALIE</strong></span> <span class='ocrx_word' id='word_1_31' title='bbox 1824 2001 1920 2048; x_wconf 76' lang='lat' dir='ltr'><strong>DE</strong></span> <span class='ocrx_word' id='word_1_32' title='bbox 1961 2001 2087 2048; x_wconf 70' lang='lat' dir='ltr'><strong>mn</strong></span> <span class='ocrx_word' id='word_1_33' title='bbox 2127 2001 2208 2049; x_wconf 79' lang='lat' dir='ltr'><strong>m</strong></span> <span class='ocrx_word' id='word_1_34' title='bbox 2251 2002 2431 2048; x_wconf 72' lang='lat' dir='ltr'><strong>mm</strong></span> <span class='ocrx_word' id='word_1_35' title='bbox 2481 2001 2854 2049; x_wconf 67' lang='lat' dir='ltr'><strong>amm</strong></span> <span class='ocrx_word' id='word_1_36' title='bbox 2882 1999 2964 2049; x_wconf 79' lang='lat' dir='ltr'><strong>m</strong></span> <span class='ocrx_word' id='word_1_37' title='bbox 3006 2000 3212 2050; x_wconf 68' lang='lat' dir='ltr'><strong>mum</strong></span> <span class='ocrx_word' id='word_1_38' title='bbox 3241 1999 3740 2050; x_wconf 70' lang='lat' dir='ltr'><strong>REDACTORUM</strong></span> <span class='ocrx_word' id='word_1_39' title='bbox 3786 1999 3936 2049; x_wconf 68' lang='lat' dir='ltr'><strong>cun</strong></span> 
     </span>
     <span class='ocr_line' id='line_1_5' title="bbox 322 2115 2887 2166; baseline 0 -1"><span class='ocrx_word' id='word_1_40' title='bbox 322 2118 702 2165; x_wconf 69' lang='lat' dir='ltr'><strong>vmu‘rATE</strong></span> <span class='ocrx_word' id='word_1_41' title='bbox 762 2118 862 2166; x_wconf 73' lang='lat' dir='ltr'><strong>An</strong></span> <span class='ocrx_word' id='word_1_42' title='bbox 907 2116 1307 2166; x_wconf 70' lang='lat' dir='ltr'><strong>molum</strong></span> <span class='ocrx_word' id='word_1_43' title='bbox 1352 2116 1839 2166; x_wconf 68' lang='lat' dir='ltr'><strong>posmoatm</strong></span> <span class='ocrx_word' id='word_1_44' title='bbox 1882 2115 2329 2165; x_wconf 68' lang='lat' dir='ltr'><strong>Nosmoaun</strong></span> <span class='ocrx_word' id='word_1_45' title='bbox 2372 2116 2470 2165; x_wconf 81' lang='lat' dir='ltr'><strong>m·</strong></span> <span class='ocrx_word' id='word_1_46' title='bbox 2512 2117 2612 2165; x_wconf 79' lang='grc' dir='ltr'><strong>υτ</strong></span> <span class='ocrx_word' id='word_1_47' title='bbox 2655 2115 2887 2165; x_wconf 74' lang='lat' dir='ltr'><strong>mm</strong></span> 
     </span>
    </p>
   </div>
   <div class='ocr_carea' id='block_1_4' title="bbox 138 2484 167 2551">
    <p class='ocr_par' dir='ltr' id='par_1_4' title="bbox 138 2484 167 2551">
     <span class='ocr_line' id='line_1_6' title="bbox 138 2484 167 2551; baseline 0 0"><span class='ocrx_word' id='word_1_48' title='bbox 138 2484 167 2551; x_wconf 81' lang='lat'>5</span> 
     </span>
    </p>
   </div>
   <div class='ocr_carea' id='block_1_5' title="bbox 219 2466 233 2787">
    <p class='ocr_par' dir='ltr' id='par_1_5' title="bbox 219 2466 233 2787">
     <span class='ocr_line' id='line_1_7' title="bbox 219 2466 233 2787; baseline 0 4279"><span class='ocrx_word' id='word_1_49' title='bbox 219 2466 233 2787; x_wconf 95' lang='lat' dir='ltr'><strong> </strong></span> 
     </span>
    </p>
   </div>
   <div class='ocr_carea' id='block_1_6' title="bbox 127 2604 3934 5894">
    <p class='ocr_par' dir='ltr' id='par_1_6' title="bbox 127 2604 3934 5894">
     <span class='ocr_line' id='line_1_8' title="bbox 757 2604 3931 2697; baseline -0.001 -23"><span class='ocrx_word' id='word_1_50' title='bbox 757 2610 917 2676; x_wconf 90' lang='lat' dir='ltr'><strong>dum</strong></span> <span class='ocrx_word' id='word_1_51' title='bbox 961 2609 1450 2691; x_wconf 80' lang='lat' dir='ltr'><strong>illustrissimus</strong></span> <span class='ocrx_word' id='word_1_52' title='bbox 1492 2609 1821 2697; x_wconf 86' lang='lat' dir='ltr'><strong>princeps</strong></span> <span class='ocrx_word' id='word_1_53' title='bbox 1866 2609 2186 2676; x_wconf 91' lang='lat' dir='ltr'><strong>dominus</strong></span> <span class='ocrx_word' id='word_1_54' title='bbox 2233 2608 2494 2676; x_wconf 86' lang='lat' dir='ltr'><strong>Galeaz</strong></span> <span class='ocrx_word' id='word_1_55' title='bbox 2536 2605 2766 2674; x_wconf 88' lang='lat' dir='ltr'><strong>Maria</strong></span> <span class='ocrx_word' id='word_1_56' title='bbox 2812 2606 3092 2674; x_wconf 80' lang='lat' dir='ltr'><strong>Sforcia</strong></span> <span class='ocrx_word' id='word_1_57' title='bbox 3121 2606 3542 2675; x_wconf 86' lang='lat' dir='ltr'><strong>Vicecomes</strong></span> <span class='ocrx_word' id='word_1_58' title='bbox 3586 2606 3730 2673; x_wconf 90' lang='lat' dir='ltr'><strong>dux</strong></span> <span class='ocrx_word' id='word_1_59' title='bbox 3771 2604 3931 2673; x_wconf 91' lang='lat' dir='ltr'><strong>Me-</strong></span> 
     </span>
     <span class='ocr_line' id='line_1_9' title="bbox 754 2710 3933 2799; baseline -0.001 -18"><span class='ocrx_word' id='word_1_60' title='bbox 754 2714 1033 2793; x_wconf 90' lang='lat' dir='ltr'><strong>diolani,</strong></span> <span class='ocrx_word' id='word_1_61' title='bbox 1082 2715 1283 2782; x_wconf 90' lang='lat' dir='ltr'><strong>etatis</strong></span> <span class='ocrx_word' id='word_1_62' title='bbox 1328 2737 1664 2783; x_wconf 90' lang='lat' dir='ltr'><strong>annorum</strong></span> <span class='ocrx_word' id='word_1_63' title='bbox 1710 2737 1917 2782; x_wconf 81' lang='lat' dir='ltr'><strong>xxxv.</strong></span> <span class='ocrx_word' id='word_1_64' title='bbox 1964 2728 2037 2783; x_wconf 93' lang='lat' dir='ltr'><strong>et</strong></span> <span class='ocrx_word' id='word_1_65' title='bbox 2079 2716 2179 2782; x_wconf 93' lang='lat' dir='ltr'><strong>sic</strong></span> <span class='ocrx_word' id='word_1_66' title='bbox 2230 2724 2476 2781; x_wconf 83' lang='lat' dir='ltr'><strong>extans</strong></span> <span class='ocrx_word' id='word_1_67' title='bbox 2532 2714 2604 2778; x_wconf 90' lang='lat' dir='ltr'><strong>in</strong></span> <span class='ocrx_word' id='word_1_68' title='bbox 2650 2713 2821 2781; x_wconf 88' lang='lat' dir='ltr'><strong>flore</strong></span> <span class='ocrx_word' id='word_1_69' title='bbox 2867 2734 2990 2779; x_wconf 90' lang='lat' dir='ltr'><strong>sue</strong></span> <span class='ocrx_word' id='word_1_70' title='bbox 3050 2713 3275 2793; x_wconf 91' lang='lat' dir='ltr'><strong>etatis,</strong></span> <span class='ocrx_word' id='word_1_71' title='bbox 3331 2710 3646 2779; x_wconf 79' lang='lat' dir='ltr'><strong>audatior</strong></span> <span class='ocrx_word' id='word_1_72' title='bbox 3689 2722 3760 2778; x_wconf 89' lang='lat' dir='ltr'><strong>et</strong></span> <span class='ocrx_word' id='word_1_73' title='bbox 3803 2731 3933 2799; x_wconf 90' lang='lat' dir='ltr'><strong>pe-</strong></span> 
     </span>
     <span class='ocr_line' id='line_1_10' title="bbox 752 2816 3933 2909; baseline -0.002 -22"><span class='ocrx_word' id='word_1_74' title='bbox 752 2822 1097 2888; x_wconf 90' lang='lat' dir='ltr'><strong>cuniosior</strong></span> <span class='ocrx_word' id='word_1_75' title='bbox 1149 2822 1454 2888; x_wconf 88' lang='lat' dir='ltr'><strong>omnium</strong></span> <span class='ocrx_word' id='word_1_76' title='bbox 1507 2821 1795 2888; x_wconf 89' lang='lat' dir='ltr'><strong>aliorum</strong></span> <span class='ocrx_word' id='word_1_77' title='bbox 1854 2820 2269 2909; x_wconf 84' lang='lat' dir='ltr'>principum,</span> <span class='ocrx_word' id='word_1_78' title='bbox 2332 2832 2404 2887; x_wconf 91' lang='lat' dir='ltr'><strong>et</strong></span> <span class='ocrx_word' id='word_1_79' title='bbox 2454 2820 2544 2889; x_wconf 90' lang='lat' dir='ltr'><strong>ab</strong></span> <span class='ocrx_word' id='word_1_80' title='bbox 2598 2819 2918 2886; x_wconf 90' lang='lat' dir='ltr'><strong>omnibus</strong></span> <span class='ocrx_word' id='word_1_81' title='bbox 2961 2820 3307 2898; x_wconf 90' lang='lat' dir='ltr'><strong>metuitus,</strong></span> <span class='ocrx_word' id='word_1_82' title='bbox 3366 2818 3438 2884; x_wconf 91' lang='lat' dir='ltr'><strong>in</strong></span> <span class='ocrx_word' id='word_1_83' title='bbox 3495 2838 3700 2884; x_wconf 90' lang='lat' dir='ltr'><strong>mane</strong></span> <span class='ocrx_word' id='word_1_84' title='bbox 3745 2816 3933 2883; x_wconf 91' lang='lat' dir='ltr'><strong>circa</strong></span> 
     </span>
     <span class='ocr_line' id='line_1_11' title="bbox 219 2922 3934 3015; baseline 0.001 -28"><span class='ocrx_word' id='word_1_85' title='bbox 219 2924 431 2990; x_wconf 89' lang='lat' dir='ltr'><strong>horam</strong></span> <span class='ocrx_word' id='word_1_86' title='bbox 477 2926 1153 2994; x_wconf 84' lang='lat' dir='ltr'><strong>decimamoctavam</strong></span> <span class='ocrx_word' id='word_1_87' title='bbox 1199 2927 1432 2994; x_wconf 85' lang='lat' dir='ltr'><strong>ivisset</strong></span> <span class='ocrx_word' id='word_1_88' title='bbox 1474 2947 1604 3015; x_wconf 92' lang='lat' dir='ltr'><strong>pro</strong></span> <span class='ocrx_word' id='word_1_89' title='bbox 1634 2926 1985 2995; x_wconf 90' lang='lat' dir='ltr'><strong>audienda</strong></span> <span class='ocrx_word' id='word_1_90' title='bbox 2029 2927 2233 2993; x_wconf 91' lang='lat' dir='ltr'><strong>missa</strong></span> <span class='ocrx_word' id='word_1_91' title='bbox 2277 2928 2351 2992; x_wconf 90' lang='lat' dir='ltr'><strong>in</strong></span> <span class='ocrx_word' id='word_1_92' title='bbox 2397 2926 2663 2994; x_wconf 85' lang='lat' dir='ltr'><strong>eclexia</strong></span> <span class='ocrx_word' id='word_1_93' title='bbox 2708 2926 2929 2993; x_wconf 89' lang='lat' dir='ltr'><strong>sancti</strong></span> <span class='ocrx_word' id='word_1_94' title='bbox 2975 2925 3274 2993; x_wconf 80' lang='lat' dir='ltr'><strong>Steffani</strong></span> <span class='ocrx_word' id='word_1_95' title='bbox 3321 2923 3616 2991; x_wconf 84' lang='lat' dir='ltr'><strong>civitatis</strong></span> <span class='ocrx_word' id='word_1_96' title='bbox 3658 2922 3934 2989; x_wconf 90' lang='lat' dir='ltr'><strong>Medio-</strong></span> 
     </span>
     <span class='ocr_line' id='line_1_12' title="bbox 127 3029 3934 3122; baseline 0.001 -31"><span class='ocrx_word' id='word_1_97' title='bbox 127 3031 187 3092; x_wconf 90' lang='lat'><strong>10</strong></span> <span class='ocrx_word' id='word_1_98' title='bbox 222 3030 361 3107; x_wconf 80' lang='lat' dir='ltr'><strong>lani,</strong></span> <span class='ocrx_word' id='word_1_99' title='bbox 404 3034 812 3112; x_wconf 84' lang='lat' dir='ltr'><strong>associatus,</strong></span> <span class='ocrx_word' id='word_1_100' title='bbox 845 3046 920 3100; x_wconf 89' lang='lat' dir='ltr'><strong>ut</strong></span> <span class='ocrx_word' id='word_1_101' title='bbox 963 3035 1068 3100; x_wconf 92' lang='lat' dir='ltr'><strong>sui</strong></span> <span class='ocrx_word' id='word_1_102' title='bbox 1115 3046 1262 3101; x_wconf 88' lang='lat' dir='ltr'><strong>erat</strong></span> <span class='ocrx_word' id='word_1_103' title='bbox 1307 3034 1535 3112; x_wconf 91' lang='lat' dir='ltr'><strong>moris,</strong></span> <span class='ocrx_word' id='word_1_104' title='bbox 1567 3034 2011 3122; x_wconf 80' lang='lat' dir='ltr'><strong>quammultis</strong></span> <span class='ocrx_word' id='word_1_105' title='bbox 2054 3031 2353 3121; x_wconf 79' lang='lat' dir='ltr'><strong>staferijs</strong></span> <span class='ocrx_word' id='word_1_106' title='bbox 2383 3033 2662 3099; x_wconf 90' lang='lat' dir='ltr'><strong>armatis</strong></span> <span class='ocrx_word' id='word_1_107' title='bbox 2709 3032 2986 3100; x_wconf 76' lang='lat' dir='ltr'><strong>ensibus</strong></span> <span class='ocrx_word' id='word_1_108' title='bbox 3030 3032 3259 3120; x_wconf 89' lang='lat' dir='ltr'><strong>longis</strong></span> <span class='ocrx_word' id='word_1_109' title='bbox 3310 3041 3380 3097; x_wconf 92' lang='lat' dir='ltr'><strong>et</strong></span> <span class='ocrx_word' id='word_1_110' title='bbox 3422 3033 3562 3122; x_wconf 85' lang='lat' dir='ltr'><strong>jam</strong></span> <span class='ocrx_word' id='word_1_111' title='bbox 3609 3029 3934 3097; x_wconf 87' lang='lat' dir='ltr'><strong>eclesiam</strong></span> 
     </span>
     <span class='ocr_line' id='line_1_13' title="bbox 222 3135 3930 3227; baseline 0.001 -28"><span class='ocrx_word' id='word_1_112' title='bbox 222 3136 411 3220; x_wconf 85' lang='lat' dir='ltr'><strong>ipsam</strong></span> <span class='ocrx_word' id='word_1_113' title='bbox 454 3138 790 3206; x_wconf 80' lang='lat' dir='ltr'><strong>intrasset</strong></span> <span class='ocrx_word' id='word_1_114' title='bbox 820 3161 958 3205; x_wconf 90' lang='lat' dir='ltr'><strong>una</strong></span> <span class='ocrx_word' id='word_1_115' title='bbox 991 3142 1083 3206; x_wconf 92' lang='lat' dir='ltr'><strong>ad</strong></span> <span class='ocrx_word' id='word_1_116' title='bbox 1129 3140 1487 3207; x_wconf 90' lang='lat' dir='ltr'><strong>brachium</strong></span> <span class='ocrx_word' id='word_1_117' title='bbox 1523 3160 1679 3207; x_wconf 91' lang='lat' dir='ltr'><strong>com</strong></span> <span class='ocrx_word' id='word_1_118' title='bbox 1714 3151 1985 3206; x_wconf 89' lang='lat' dir='ltr'><strong>oratore</strong></span> <span class='ocrx_word' id='word_1_119' title='bbox 2016 3139 2443 3207; x_wconf 85' lang='lat' dir='ltr'><strong>Venetorum</strong></span> <span class='ocrx_word' id='word_1_120' title='bbox 2478 3150 2549 3205; x_wconf 91' lang='lat' dir='ltr'><strong>et</strong></span> <span class='ocrx_word' id='word_1_121' title='bbox 2593 3137 2766 3227; x_wconf 85' lang='lat' dir='ltr'><strong>alijs,</strong></span> <span class='ocrx_word' id='word_1_122' title='bbox 2797 3138 3162 3206; x_wconf 86' lang='lat' dir='ltr'><strong>comitatus</strong></span> <span class='ocrx_word' id='word_1_123' title='bbox 3205 3137 3436 3204; x_wconf 86' lang='lat' dir='ltr'><strong>multis</strong></span> <span class='ocrx_word' id='word_1_124' title='bbox 3465 3135 3816 3204; x_wconf 90' lang='lat' dir='ltr'><strong>nobilibus</strong></span> <span class='ocrx_word' id='word_1_125' title='bbox 3858 3148 3930 3203; x_wconf 93' lang='lat' dir='ltr'><strong>et</strong></span> 
     </span>
     <span class='ocr_line' id='line_1_14' title="bbox 225 3243 3930 3335; baseline 0.001 -30"><span class='ocrx_word' id='word_1_126' title='bbox 225 3243 585 3323; x_wconf 89' lang='lat' dir='ltr'><strong>curialibus,</strong></span> <span class='ocrx_word' id='word_1_127' title='bbox 651 3258 820 3312; x_wconf 87' lang='lat' dir='ltr'><strong>ante</strong></span> <span class='ocrx_word' id='word_1_128' title='bbox 868 3269 1023 3313; x_wconf 88' lang='lat' dir='ltr'><strong>eum</strong></span> <span class='ocrx_word' id='word_1_129' title='bbox 1072 3246 1370 3314; x_wconf 87' lang='lat' dir='ltr'><strong>accessit</strong></span> <span class='ocrx_word' id='word_1_130' title='bbox 1411 3247 1772 3335; x_wconf 90' lang='lat' dir='ltr'><strong>Johannes</strong></span> <span class='ocrx_word' id='word_1_131' title='bbox 1815 3244 2139 3314; x_wconf 86' lang='lat' dir='ltr'><strong>Andreas</strong></span> <span class='ocrx_word' id='word_1_132' title='bbox 2184 3247 2274 3312; x_wconf 92' lang='lat' dir='ltr'><strong>de</strong></span> <span class='ocrx_word' id='word_1_133' title='bbox 2318 3245 2825 3335; x_wconf 89' lang='lat' dir='ltr'><strong>Lampugnano</strong></span> <span class='ocrx_word' id='word_1_134' title='bbox 2869 3244 3432 3325; x_wconf 89' lang='lat' dir='ltr'><strong>Mediolanensis,</strong></span> <span class='ocrx_word' id='word_1_135' title='bbox 3478 3244 3600 3332; x_wconf 92' lang='lat' dir='ltr'><strong>qui</strong></span> <span class='ocrx_word' id='word_1_136' title='bbox 3643 3263 3930 3331; x_wconf 87' lang='lat' dir='ltr'><strong>gravem</strong></span> 
     </span>
     <span class='ocr_line' id='line_1_15' title="bbox 222 3350 3930 3440; baseline 0.001 -26"><span class='ocrx_word' id='word_1_137' title='bbox 222 3371 332 3435; x_wconf 90' lang='lat' dir='ltr'><strong>pro</strong></span> <span class='ocrx_word' id='word_1_138' title='bbox 373 3353 667 3438; x_wconf 90' lang='lat' dir='ltr'><strong>quodam</strong></span> <span class='ocrx_word' id='word_1_139' title='bbox 721 3353 1057 3419; x_wconf 87' lang='lat' dir='ltr'><strong>benefitio</strong></span> <span class='ocrx_word' id='word_1_140' title='bbox 1102 3353 1452 3421; x_wconf 84' lang='lat' dir='ltr'><strong>asserebat</strong></span> <span class='ocrx_word' id='word_1_141' title='bbox 1494 3352 1817 3419; x_wconf 85' lang='lat' dir='ltr'><strong>iniuriam</strong></span> <span class='ocrx_word' id='word_1_142' title='bbox 1863 3376 1905 3419; x_wconf 88' lang='lat' dir='ltr'><strong>a</strong></span> <span class='ocrx_word' id='word_1_143' title='bbox 1949 3352 2271 3440; x_wconf 87' lang='lat' dir='ltr'><strong>principe</strong></span> <span class='ocrx_word' id='word_1_144' title='bbox 2320 3353 2474 3440; x_wconf 91' lang='lat' dir='ltr'><strong>ipso</strong></span> <span class='ocrx_word' id='word_1_145' title='bbox 2520 3352 2894 3440; x_wconf 87' lang='lat' dir='ltr'><strong>recepisse,</strong></span> <span class='ocrx_word' id='word_1_146' title='bbox 2924 3362 3230 3419; x_wconf 89' lang='lat' dir='ltr'><strong>armatus</strong></span> <span class='ocrx_word' id='word_1_147' title='bbox 3276 3352 3456 3418; x_wconf 91' lang='lat' dir='ltr'><strong>clam</strong></span> <span class='ocrx_word' id='word_1_148' title='bbox 3488 3350 3813 3419; x_wconf 88' lang='lat' dir='ltr'><strong>corazina</strong></span> <span class='ocrx_word' id='word_1_149' title='bbox 3857 3361 3930 3417; x_wconf 89' lang='lat' dir='ltr'><strong>et</strong></span> 
     </span>
     <span class='ocr_line' id='line_1_16' title="bbox 220 3454 3919 3551; baseline 0.001 -32"><span class='ocrx_word' id='word_1_150' title='bbox 220 3470 485 3536; x_wconf 82' lang='lat' dir='ltr'><strong>secreta3</strong></span> <span class='ocrx_word' id='word_1_151' title='bbox 532 3479 694 3525; x_wconf 90' lang='lat' dir='ltr'><strong>com</strong></span> <span class='ocrx_word' id='word_1_152' title='bbox 749 3480 889 3527; x_wconf 89' lang='lat' dir='ltr'><strong>uno</strong></span> <span class='ocrx_word' id='word_1_153' title='bbox 935 3460 1223 3550; x_wconf 91' lang='lat' dir='ltr'><strong>pugnali</strong></span> <span class='ocrx_word' id='word_1_154' title='bbox 1269 3471 1610 3526; x_wconf 90' lang='lat' dir='ltr'><strong>venenato</strong></span> <span class='ocrx_word' id='word_1_155' title='bbox 1670 3461 1887 3551; x_wconf 90' lang='lat' dir='ltr'><strong>ligato</strong></span> <span class='ocrx_word' id='word_1_156' title='bbox 1933 3461 2026 3526; x_wconf 90' lang='lat' dir='ltr'><strong>ad</strong></span> <span class='ocrx_word' id='word_1_157' title='bbox 2074 3481 2350 3527; x_wconf 89' lang='lat' dir='ltr'><strong>manum</strong></span> <span class='ocrx_word' id='word_1_158' title='bbox 2420 3461 2740 3526; x_wconf 84' lang='lat' dir='ltr'><strong>dextram</strong></span> <span class='ocrx_word' id='word_1_159' title='bbox 2802 3469 2874 3525; x_wconf 92' lang='lat' dir='ltr'><strong>et</strong></span> <span class='ocrx_word' id='word_1_160' title='bbox 2941 3457 3354 3526; x_wconf 90' lang='lat' dir='ltr'><strong>abscondito</strong></span> <span class='ocrx_word' id='word_1_161' title='bbox 3416 3477 3503 3524; x_wconf 91' lang='lat' dir='ltr'><strong>ac</strong></span> <span class='ocrx_word' id='word_1_162' title='bbox 3553 3454 3919 3547; x_wconf 87' lang='lat' dir='ltr'><strong>evaginato</strong></span> 
     </span>
     <span class='ocr_line' id='line_1_17' title="bbox 129 3559 3925 3658; baseline 0.001 -34"><span class='ocrx_word' id='word_1_163' title='bbox 129 3559 189 3625; x_wconf 87' lang='lat'><strong>15</strong></span> <span class='ocrx_word' id='word_1_164' title='bbox 228 3563 283 3627; x_wconf 87' lang='lat' dir='ltr'><strong>in</strong></span> <span class='ocrx_word' id='word_1_165' title='bbox 323 3566 649 3646; x_wconf 88' lang='lat' dir='ltr'><strong>manicha,</strong></span> <span class='ocrx_word' id='word_1_166' title='bbox 714 3569 1028 3634; x_wconf 88' lang='lat' dir='ltr'><strong>clamans</strong></span> <span class='ocrx_word' id='word_1_167' title='bbox 1076 3567 1219 3634; x_wconf 89' lang='lat' dir='ltr'><strong>alta</strong></span> <span class='ocrx_word' id='word_1_168' title='bbox 1264 3587 1438 3634; x_wconf 88' lang='lat' dir='ltr'><strong>voce</strong></span> <span class='ocrx_word' id='word_1_169' title='bbox 1499 3571 1528 3603; x_wconf 84' lang='lat'>“</span> <span class='ocrx_word' id='word_1_170' title='bbox 1555 3567 1709 3634; x_wconf 88' lang='lat' dir='ltr'><strong>Fati</strong></span> <span class='ocrx_word' id='word_1_171' title='bbox 1754 3568 1975 3658; x_wconf 91' lang='lat' dir='ltr'><strong>largo,</strong></span> <span class='ocrx_word' id='word_1_172' title='bbox 2022 3567 2151 3634; x_wconf 83' lang='lat' dir='ltr'><strong>fati</strong></span> <span class='ocrx_word' id='word_1_173' title='bbox 2210 3568 2405 3655; x_wconf 87' lang='lat' dir='ltr'><strong>largo</strong></span> <span class='ocrx_word' id='word_1_174' title='bbox 2436 3614 2498 3648; x_wconf 84' lang='lat'><strong>„,</strong></span> <span class='ocrx_word' id='word_1_175' title='bbox 2546 3577 2622 3633; x_wconf 91' lang='lat' dir='ltr'><strong>ut</strong></span> <span class='ocrx_word' id='word_1_176' title='bbox 2666 3566 2962 3635; x_wconf 89' lang='lat' dir='ltr'><strong>habilius</strong></span> <span class='ocrx_word' id='word_1_177' title='bbox 3015 3578 3250 3653; x_wconf 86' lang='lat' dir='ltr'><strong>posset</strong></span> <span class='ocrx_word' id='word_1_178' title='bbox 3307 3576 3597 3654; x_wconf 90' lang='lat' dir='ltr'><strong>propter</strong></span> <span class='ocrx_word' id='word_1_179' title='bbox 3648 3563 3925 3632; x_wconf 87' lang='lat' dir='ltr'><strong>turbam</strong></span> 
     </span>
     <span class='ocr_line' id='line_1_18' title="bbox 226 3670 3919 3761; baseline -0 -25"><span class='ocrx_word' id='word_1_180' title='bbox 226 3688 637 3753; x_wconf 82' lang='lat' dir='ltr'><strong>personarum</strong></span> <span class='ocrx_word' id='word_1_181' title='bbox 686 3672 831 3740; x_wconf 88' lang='lat' dir='ltr'><strong>ibi&#39;</strong></span> <span class='ocrx_word' id='word_1_182' title='bbox 877 3674 1318 3746; x_wconf 84' lang='lat' dir='ltr'><strong>existentium</strong></span> <span class='ocrx_word' id='word_1_183' title='bbox 1364 3695 1584 3761; x_wconf 92' lang='lat' dir='ltr'><strong>prope</strong></span> <span class='ocrx_word' id='word_1_184' title='bbox 1629 3673 2019 3761; x_wconf 89' lang='lat' dir='ltr'><strong>principem</strong></span> <span class='ocrx_word' id='word_1_185' title='bbox 2067 3674 2434 3741; x_wconf 88' lang='lat' dir='ltr'><strong>accedere.</strong></span> <span class='ocrx_word' id='word_1_186' title='bbox 2527 3670 2760 3750; x_wconf 86' lang='lat' dir='ltr'><strong>Quem</strong></span> <span class='ocrx_word' id='word_1_187' title='bbox 2804 3673 3191 3760; x_wconf 88' lang='lat' dir='ltr'><strong>principem</strong></span> <span class='ocrx_word' id='word_1_188' title='bbox 3243 3672 3433 3739; x_wconf 89' lang='lat' dir='ltr'><strong>illico</strong></span> <span class='ocrx_word' id='word_1_189' title='bbox 3480 3694 3567 3738; x_wconf 83' lang='lat' dir='ltr'><strong>ex</strong></span> <span class='ocrx_word' id='word_1_190' title='bbox 3615 3670 3919 3737; x_wconf 90' lang='lat' dir='ltr'><strong>omnium</strong></span> 
     </span>
     <span class='ocr_line' id='line_1_19' title="bbox 226 3775 3927 3870; baseline 0.001 -32"><span class='ocrx_word' id='word_1_191' title='bbox 226 3775 578 3860; x_wconf 82' lang='lat' dir='ltr'><strong>improviso,</strong></span> <span class='ocrx_word' id='word_1_192' title='bbox 628 3801 794 3847; x_wconf 93' lang='lat' dir='ltr'><strong>com</strong></span> <span class='ocrx_word' id='word_1_193' title='bbox 841 3780 993 3867; x_wconf 89' lang='lat' dir='ltr'><strong>ipso</strong></span> <span class='ocrx_word' id='word_1_194' title='bbox 1022 3782 1328 3869; x_wconf 86' lang='lat' dir='ltr'><strong>pugione</strong></span> <span class='ocrx_word' id='word_1_195' title='bbox 1375 3800 1711 3870; x_wconf 87' lang='lat' dir='ltr'><strong>agressus,</strong></span> <span class='ocrx_word' id='word_1_196' title='bbox 1758 3779 2146 3846; x_wconf 84' lang='lat' dir='ltr'><strong>vulneravit</strong></span> <span class='ocrx_word' id='word_1_197' title='bbox 2189 3779 2264 3845; x_wconf 91' lang='lat' dir='ltr'><strong>in</strong></span> <span class='ocrx_word' id='word_1_198' title='bbox 2313 3799 2608 3866; x_wconf 91' lang='lat' dir='ltr'><strong>corpore</strong></span> <span class='ocrx_word' id='word_1_199' title='bbox 2651 3801 2696 3846; x_wconf 91' lang='lat' dir='ltr'><strong>a</strong></span> <span class='ocrx_word' id='word_1_200' title='bbox 2739 3791 2938 3867; x_wconf 86' lang='lat' dir='ltr'><strong>parte</strong></span> <span class='ocrx_word' id='word_1_201' title='bbox 2983 3779 3300 3847; x_wconf 80' lang='lat' dir='ltr'><strong>inferiori</strong></span> <span class='ocrx_word' id='word_1_202' title='bbox 3345 3797 3484 3844; x_wconf 90' lang='lat' dir='ltr'><strong>uno</strong></span> <span class='ocrx_word' id='word_1_203' title='bbox 3528 3778 3670 3844; x_wconf 88' lang='lat' dir='ltr'><strong>ictu</strong></span> <span class='ocrx_word' id='word_1_204' title='bbox 3701 3787 3773 3843; x_wconf 92' lang='lat' dir='ltr'><strong>et</strong></span> <span class='ocrx_word' id='word_1_205' title='bbox 3816 3775 3927 3841; x_wconf 91' lang='lat' dir='ltr'><strong>in-</strong></span> 
     </span>
     <span class='ocr_line' id='line_1_20' title="bbox 229 3881 3926 3975; baseline 0 -29"><span class='ocrx_word' id='word_1_206' title='bbox 229 3883 491 3950; x_wconf 88' lang='lat' dir='ltr'><strong>mediate</strong></span> <span class='ocrx_word' id='word_1_207' title='bbox 536 3905 621 3951; x_wconf 90' lang='lat' dir='ltr'><strong>ac</strong></span> <span class='ocrx_word' id='word_1_208' title='bbox 670 3889 988 3954; x_wconf 89' lang='lat' dir='ltr'><strong>secundo</strong></span> <span class='ocrx_word' id='word_1_209' title='bbox 1033 3887 1106 3952; x_wconf 95' lang='lat' dir='ltr'><strong>in</strong></span> <span class='ocrx_word' id='word_1_210' title='bbox 1152 3899 1397 3975; x_wconf 87' lang='lat' dir='ltr'><strong>guture</strong></span> <span class='ocrx_word' id='word_1_211' title='bbox 1443 3899 1516 3953; x_wconf 93' lang='lat' dir='ltr'><strong>et</strong></span> <span class='ocrx_word' id='word_1_212' title='bbox 1547 3888 1754 3954; x_wconf 89' lang='lat' dir='ltr'><strong>tertio</strong></span> <span class='ocrx_word' id='word_1_213' title='bbox 1800 3886 1875 3951; x_wconf 91' lang='lat' dir='ltr'><strong>in</strong></span> <span class='ocrx_word' id='word_1_214' title='bbox 1906 3887 2111 3954; x_wconf 80' lang='lat' dir='ltr'><strong>facie.</strong></span> <span class='ocrx_word' id='word_1_215' title='bbox 2202 3886 2371 3953; x_wconf 91' lang='lat' dir='ltr'><strong>Post</strong></span> <span class='ocrx_word' id='word_1_216' title='bbox 2415 3886 2644 3974; x_wconf 90' lang='lat' dir='ltr'><strong>ipsum</strong></span> <span class='ocrx_word' id='word_1_217' title='bbox 2689 3886 3081 3974; x_wconf 89' lang='lat' dir='ltr'><strong>principem</strong></span> <span class='ocrx_word' id='word_1_218' title='bbox 3127 3886 3420 3952; x_wconf 89' lang='lat' dir='ltr'><strong>aderant</strong></span> <span class='ocrx_word' id='word_1_219' title='bbox 3464 3883 3755 3952; x_wconf 84' lang='lat' dir='ltr'><strong>Carolus</strong></span> <span class='ocrx_word' id='word_1_220' title='bbox 3797 3881 3926 3947; x_wconf 92' lang='lat' dir='ltr'><strong>Vi-</strong></span> 
     </span>
     <span class='ocr_line' id='line_1_21' title="bbox 231 3987 3919 4082; baseline 0.001 -29"><span class='ocrx_word' id='word_1_221' title='bbox 231 3987 510 4057; x_wconf 89' lang='lat' dir='ltr'><strong>cecom&#39;es</strong></span> <span class='ocrx_word' id='word_1_222' title='bbox 570 4005 641 4059; x_wconf 90' lang='lat' dir='ltr'><strong>et</strong></span> <span class='ocrx_word' id='word_1_223' title='bbox 703 3993 1099 4081; x_wconf 90' lang='lat' dir='ltr'><strong>Jeronimus</strong></span> <span class='ocrx_word' id='word_1_224' title='bbox 1146 3996 1235 4061; x_wconf 91' lang='lat' dir='ltr'><strong>de</strong></span> <span class='ocrx_word' id='word_1_225' title='bbox 1269 3993 1509 4063; x_wconf 87' lang='lat' dir='ltr'><strong>Olzate</strong></span> <span class='ocrx_word' id='word_1_226' title='bbox 1579 3994 1785 4062; x_wconf 89' lang='lat' dir='ltr'><strong>ambo</strong></span> <span class='ocrx_word' id='word_1_227' title='bbox 1830 3994 2400 4062; x_wconf 88' lang='lat' dir='ltr'><strong>Mediolanenses</strong></span> <span class='ocrx_word' id='word_1_228' title='bbox 2446 3994 2825 4082; x_wconf 88' lang='lat' dir='ltr'><strong>complices</strong></span> <span class='ocrx_word' id='word_1_229' title='bbox 2856 3993 3031 4061; x_wconf 91' lang='lat' dir='ltr'><strong>dicti</strong></span> <span class='ocrx_word' id='word_1_230' title='bbox 3075 3992 3415 4082; x_wconf 86' lang='lat' dir='ltr'><strong>Johannis</strong></span> <span class='ocrx_word' id='word_1_231' title='bbox 3459 3988 3770 4070; x_wconf 89' lang='lat' dir='ltr'><strong>Andree,</strong></span> <span class='ocrx_word' id='word_1_232' title='bbox 3799 3988 3919 4078; x_wconf 91' lang='lat' dir='ltr'><strong>qui</strong></span> 
     </span>
     <span class='ocr_line' id='line_1_22' title="bbox 132 4094 3916 4190; baseline 0.002 -35"><span class='ocrx_word' id='word_1_233' title='bbox 132 4094 198 4156; x_wconf 85' lang='lat'><strong>20</strong></span> <span class='ocrx_word' id='word_1_234' title='bbox 233 4095 506 4164; x_wconf 83' lang='lat' dir='ltr'><strong>similiter</strong></span> <span class='ocrx_word' id='word_1_235' title='bbox 536 4121 694 4166; x_wconf 92' lang='lat' dir='ltr'><strong>com</strong></span> <span class='ocrx_word' id='word_1_236' title='bbox 747 4099 1181 4188; x_wconf 86' lang='lat' dir='ltr'><strong>pugionibus,</strong></span> <span class='ocrx_word' id='word_1_237' title='bbox 1215 4100 1741 4189; x_wconf 86' lang='lat' dir='ltr'><strong>quampluribus</strong></span> <span class='ocrx_word' id='word_1_238' title='bbox 1787 4101 2187 4168; x_wconf 88' lang='lat' dir='ltr'><strong>vulneribus</strong></span> <span class='ocrx_word' id='word_1_239' title='bbox 2233 4114 2306 4169; x_wconf 94' lang='lat' dir='ltr'><strong>et</strong></span> <span class='ocrx_word' id='word_1_240' title='bbox 2348 4101 2604 4171; x_wconf 88' lang='lat' dir='ltr'><strong>ictibus</strong></span> <span class='ocrx_word' id='word_1_241' title='bbox 2648 4112 3140 4190; x_wconf 89' lang='lat' dir='ltr'><strong>percusserunt</strong></span> <span class='ocrx_word' id='word_1_242' title='bbox 3184 4099 3482 4166; x_wconf 90' lang='lat' dir='ltr'><strong>eundem</strong></span> <span class='ocrx_word' id='word_1_243' title='bbox 3527 4095 3916 4185; x_wconf 88' lang='lat' dir='ltr'><strong>principem</strong></span> 
     </span>
     <span class='ocr_line' id='line_1_23' title="bbox 231 4200 3917 4297; baseline 0.001 -33"><span class='ocrx_word' id='word_1_244' title='bbox 231 4200 291 4264; x_wconf 87' lang='lat' dir='ltr'><strong>in</strong></span> <span class='ocrx_word' id='word_1_245' title='bbox 325 4204 619 4288; x_wconf 87' lang='lat' dir='ltr'><strong>partibus</strong></span> <span class='ocrx_word' id='word_1_246' title='bbox 663 4206 1170 4293; x_wconf 87' lang='lat' dir='ltr'><strong>posterioribus</strong></span> <span class='ocrx_word' id='word_1_247' title='bbox 1213 4208 1317 4274; x_wconf 93' lang='lat' dir='ltr'><strong>sui</strong></span> <span class='ocrx_word' id='word_1_248' title='bbox 1347 4207 1663 4295; x_wconf 91' lang='lat' dir='ltr'><strong>corporis</strong></span> <span class='ocrx_word' id='word_1_249' title='bbox 1707 4221 1778 4275; x_wconf 92' lang='lat' dir='ltr'><strong>et</strong></span> <span class='ocrx_word' id='word_1_250' title='bbox 1822 4221 1962 4275; x_wconf 92' lang='lat' dir='ltr'><strong>tam</strong></span> <span class='ocrx_word' id='word_1_251' title='bbox 2007 4207 2232 4275; x_wconf 92' lang='lat' dir='ltr'><strong>subito</strong></span> <span class='ocrx_word' id='word_1_252' title='bbox 2279 4222 2348 4276; x_wconf 91' lang='lat' dir='ltr'><strong>et</strong></span> <span class='ocrx_word' id='word_1_253' title='bbox 2392 4221 2689 4288; x_wconf 86' lang='lat' dir='ltr'><strong>secrete,</strong></span> <span class='ocrx_word' id='word_1_254' title='bbox 2735 4210 2923 4297; x_wconf 91' lang='lat' dir='ltr'><strong>quod</strong></span> <span class='ocrx_word' id='word_1_255' title='bbox 2967 4207 3044 4273; x_wconf 91' lang='lat' dir='ltr'><strong>hi</strong></span> <span class='ocrx_word' id='word_1_256' title='bbox 3092 4209 3232 4274; x_wconf 92' lang='lat' dir='ltr'><strong>duo</strong></span> <span class='ocrx_word' id='word_1_257' title='bbox 3277 4225 3417 4272; x_wconf 90' lang='lat' dir='ltr'><strong>non</strong></span> <span class='ocrx_word' id='word_1_258' title='bbox 3462 4215 3623 4271; x_wconf 91' lang='lat' dir='ltr'><strong>sunt</strong></span> <span class='ocrx_word' id='word_1_259' title='bbox 3651 4203 3784 4270; x_wconf 87' lang='lat' dir='ltr'><strong>visi</strong></span> <span class='ocrx_word' id='word_1_260' title='bbox 3831 4223 3917 4268; x_wconf 90' lang='lat' dir='ltr'><strong>ea</strong></span> 
     </span>
     <span class='ocr_line' id='line_1_24' title="bbox 232 4309 3915 4403; baseline 0.001 -32"><span class='ocrx_word' id='word_1_261' title='bbox 232 4309 481 4376; x_wconf 79' lang='lat' dir='ltr'><strong>vulnera</strong></span> <span class='ocrx_word' id='word_1_262' title='bbox 521 4311 776 4378; x_wconf 76' lang='lat' dir='ltr'><strong>insere.</strong></span> <span class='ocrx_word' id='word_1_263' title='bbox 812 4314 922 4379; x_wconf 84' lang='lat' dir='ltr'><strong>Ex</strong></span> <span class='ocrx_word' id='word_1_264' title='bbox 967 4334 1104 4402; x_wconf 93' lang='lat' dir='ltr'><strong>quo</strong></span> <span class='ocrx_word' id='word_1_265' title='bbox 1148 4315 1268 4380; x_wconf 90' lang='lat' dir='ltr'><strong>hic</strong></span> <span class='ocrx_word' id='word_1_266' title='bbox 1315 4328 1551 4382; x_wconf 90' lang='lat' dir='ltr'><strong>noster</strong></span> <span class='ocrx_word' id='word_1_267' title='bbox 1593 4315 1925 4402; x_wconf 90' lang='lat' dir='ltr'><strong>princeps</strong></span> <span class='ocrx_word' id='word_1_268' title='bbox 1968 4314 2160 4381; x_wconf 90' lang='lat' dir='ltr'><strong>illico</strong></span> <span class='ocrx_word' id='word_1_269' title='bbox 2205 4314 2468 4403; x_wconf 90' lang='lat' dir='ltr'><strong>absque</strong></span> <span class='ocrx_word' id='word_1_270' title='bbox 2513 4312 2688 4381; x_wconf 89' lang='lat' dir='ltr'><strong>ulla&#39;</strong></span> <span class='ocrx_word' id='word_1_271' title='bbox 2732 4316 2946 4394; x_wconf 85' lang='lat' dir='ltr'><strong>vocis,</strong></span> <span class='ocrx_word' id='word_1_272' title='bbox 2976 4323 3097 4379; x_wconf 91' lang='lat' dir='ltr'><strong>aut</strong></span> <span class='ocrx_word' id='word_1_273' title='bbox 3142 4310 3654 4379; x_wconf 89' lang='lat' dir='ltr'><strong>lamentationis</strong></span> <span class='ocrx_word' id='word_1_274' title='bbox 3682 4309 3915 4397; x_wconf 86' lang='lat' dir='ltr'><strong>prola-</strong></span> 
     </span>
     <span class='ocr_line' id='line_1_25' title="bbox 214 4413 3916 4512; baseline 0.001 -36"><span class='ocrx_word' id='word_1_275' title='bbox 214 4413 385 4512; x_wconf 30' lang='lat' dir='ltr'><strong>·tione</strong></span> <span class='ocrx_word' id='word_1_276' title='bbox 424 4419 493 4483; x_wconf 90' lang='lat' dir='ltr'><strong>in</strong></span> <span class='ocrx_word' id='word_1_277' title='bbox 537 4430 796 4484; x_wconf 89' lang='lat' dir='ltr'><strong>terram</strong></span> <span class='ocrx_word' id='word_1_278' title='bbox 843 4420 1127 4501; x_wconf 90' lang='lat' dir='ltr'><strong>decidit,</strong></span> <span class='ocrx_word' id='word_1_279' title='bbox 1157 4422 1508 4511; x_wconf 84' lang='lat' dir='ltr'><strong>vitamque</strong></span> <span class='ocrx_word' id='word_1_280' title='bbox 1554 4422 1807 4500; x_wconf 83' lang='lat' dir='ltr'><strong>finivit3</strong></span> <span class='ocrx_word' id='word_1_281' title='bbox 1853 4422 2040 4488; x_wconf 92' lang='lat' dir='ltr'><strong>unde</strong></span> <span class='ocrx_word' id='word_1_282' title='bbox 2084 4420 2346 4509; x_wconf 78' lang='lat' dir='ltr'><strong>staferij</strong></span> <span class='ocrx_word' id='word_1_283' title='bbox 2381 4421 2967 4499; x_wconf 88' lang='lat' dir='ltr'><strong>circomastantes,</strong></span> <span class='ocrx_word' id='word_1_284' title='bbox 3012 4420 3251 4487; x_wconf 88' lang='lat' dir='ltr'><strong>audito</strong></span> <span class='ocrx_word' id='word_1_285' title='bbox 3298 4419 3605 4487; x_wconf 91' lang='lat' dir='ltr'><strong>clamore</strong></span> <span class='ocrx_word' id='word_1_286' title='bbox 3649 4415 3916 4504; x_wconf 90' lang='lat' dir='ltr'><strong>populi,</strong></span> 
     </span>
     <span class='ocr_line' id='line_1_26' title="bbox 233 4521 3915 4616; baseline 0.002 -33"><span class='ocrx_word' id='word_1_287' title='bbox 233 4521 329 4604; x_wconf 88' lang='lat' dir='ltr'><strong>qui</strong></span> <span class='ocrx_word' id='word_1_288' title='bbox 366 4525 605 4591; x_wconf 89' lang='lat' dir='ltr'><strong>multus</strong></span> <span class='ocrx_word' id='word_1_289' title='bbox 648 4538 803 4591; x_wconf 91' lang='lat' dir='ltr'><strong>erat</strong></span> <span class='ocrx_word' id='word_1_290' title='bbox 830 4525 904 4590; x_wconf 90' lang='lat' dir='ltr'><strong>in</strong></span> <span class='ocrx_word' id='word_1_291' title='bbox 953 4526 1146 4593; x_wconf 89' lang='lat' dir='ltr'><strong>dicta</strong></span> <span class='ocrx_word' id='word_1_292' title='bbox 1193 4523 1475 4608; x_wconf 89' lang='lat' dir='ltr'><strong>eclesia,</strong></span> <span class='ocrx_word' id='word_1_293' title='bbox 1507 4548 1664 4595; x_wconf 93' lang='lat' dir='ltr'><strong>com</strong></span> <span class='ocrx_word' id='word_1_294' title='bbox 1713 4528 1990 4596; x_wconf 89' lang='lat' dir='ltr'><strong>ensibus</strong></span> <span class='ocrx_word' id='word_1_295' title='bbox 2035 4538 2425 4596; x_wconf 90' lang='lat' dir='ltr'><strong>mactarunt</strong></span> <span class='ocrx_word' id='word_1_296' title='bbox 2455 4527 2721 4595; x_wconf 92' lang='lat' dir='ltr'><strong>dictum</strong></span> <span class='ocrx_word' id='word_1_297' title='bbox 2752 4527 3140 4616; x_wconf 84' lang='lat' dir='ltr'><strong>Johannem</strong></span> <span class='ocrx_word' id='word_1_298' title='bbox 3169 4525 3529 4595; x_wconf 90' lang='lat' dir='ltr'><strong>Andream</strong></span> <span class='ocrx_word' id='word_1_299' title='bbox 3575 4527 3668 4592; x_wconf 92' lang='lat' dir='ltr'><strong>de</strong></span> <span class='ocrx_word' id='word_1_300' title='bbox 3699 4524 3915 4590; x_wconf 79' lang='lat' dir='ltr'><strong>fact0.</strong></span> 
     </span>
     <span class='ocr_line' id='line_1_27' title="bbox 135 4619 3915 4725; baseline 0.001 -33"><span class='ocrx_word' id='word_1_301' title='bbox 135 4619 196 4684; x_wconf 81' lang='lat'><strong>25</strong></span> <span class='ocrx_word' id='word_1_302' title='bbox 233 4624 348 4715; x_wconf 87' lang='lat' dir='ltr'><strong>Alij</strong></span> <span class='ocrx_word' id='word_1_303' title='bbox 389 4651 545 4696; x_wconf 85' lang='lat' dir='ltr'><strong>vero</strong></span> <span class='ocrx_word' id='word_1_304' title='bbox 591 4631 737 4697; x_wconf 92' lang='lat' dir='ltr'><strong>duo</strong></span> <span class='ocrx_word' id='word_1_305' title='bbox 785 4632 1090 4721; x_wconf 86' lang='lat' dir='ltr'><strong>consocij</strong></span> <span class='ocrx_word' id='word_1_306' title='bbox 1141 4646 1212 4701; x_wconf 96' lang='lat' dir='ltr'><strong>et</strong></span> <span class='ocrx_word' id='word_1_307' title='bbox 1258 4634 1538 4722; x_wconf 87' lang='lat' dir='ltr'><strong>quidam</strong></span> <span class='ocrx_word' id='word_1_308' title='bbox 1586 4635 1677 4702; x_wconf 92' lang='lat' dir='ltr'><strong>de</strong></span> <span class='ocrx_word' id='word_1_309' title='bbox 1722 4634 2121 4725; x_wconf 89' lang='lat' dir='ltr'><strong>Langirano</strong></span> <span class='ocrx_word' id='word_1_310' title='bbox 2167 4636 2468 4702; x_wconf 80' lang='lat' dir='ltr'><strong>famulus</strong></span> <span class='ocrx_word' id='word_1_311' title='bbox 2529 4634 2740 4723; x_wconf 92' lang='lat' dir='ltr'><strong>ipsius</strong></span> <span class='ocrx_word' id='word_1_312' title='bbox 2784 4633 3124 4723; x_wconf 88' lang='lat' dir='ltr'><strong>Johannis</strong></span> <span class='ocrx_word' id='word_1_313' title='bbox 3166 4633 3476 4719; x_wconf 86' lang='lat' dir='ltr'><strong>Andree,</strong></span> <span class='ocrx_word' id='word_1_314' title='bbox 3539 4631 3662 4719; x_wconf 90' lang='lat' dir='ltr'><strong>qui</strong></span> <span class='ocrx_word' id='word_1_315' title='bbox 3709 4630 3915 4696; x_wconf 92' lang='lat' dir='ltr'><strong>etiam</strong></span> 
     </span>
     <span class='ocr_line' id='line_1_28' title="bbox 232 4731 3906 4832; baseline 0.001 -38"><span class='ocrx_word' id='word_1_316' title='bbox 232 4731 595 4803; x_wconf 77' lang='lat' dir='ltr'><strong>interfuerat</strong></span> <span class='ocrx_word' id='word_1_317' title='bbox 639 4737 809 4804; x_wconf 90' lang='lat' dir='ltr'><strong>huic</strong></span> <span class='ocrx_word' id='word_1_318' title='bbox 855 4738 1260 4821; x_wconf 89' lang='lat' dir='ltr'><strong>homicidio,</strong></span> <span class='ocrx_word' id='word_1_319' title='bbox 1306 4741 1724 4832; x_wconf 80' lang='lat' dir='ltr'><strong>aufugerunt</strong></span> <span class='ocrx_word' id='word_1_320' title='bbox 1769 4762 1911 4808; x_wconf 90' lang='lat' dir='ltr'><strong>non</strong></span> <span class='ocrx_word' id='word_1_321' title='bbox 1957 4740 2087 4807; x_wconf 85' lang='lat' dir='ltr'><strong>visi</strong></span> <span class='ocrx_word' id='word_1_322' title='bbox 2151 4754 2220 4808; x_wconf 92' lang='lat' dir='ltr'><strong>et</strong></span> <span class='ocrx_word' id='word_1_323' title='bbox 2277 4743 2603 4830; x_wconf 90' lang='lat' dir='ltr'><strong>quoniam</strong></span> <span class='ocrx_word' id='word_1_324' title='bbox 2650 4741 2870 4809; x_wconf 89' lang='lat' dir='ltr'><strong>solum</strong></span> <span class='ocrx_word' id='word_1_325' title='bbox 2933 4739 3311 4807; x_wconf 87' lang='lat' dir='ltr'><strong>vacabatur</strong></span> <span class='ocrx_word' id='word_1_326' title='bbox 3357 4740 3553 4807; x_wconf 90' lang='lat' dir='ltr'><strong>dicto</strong></span> <span class='ocrx_word' id='word_1_327' title='bbox 3600 4735 3906 4825; x_wconf 91' lang='lat' dir='ltr'><strong>Johanni</strong></span> 
     </span>
     <span class='ocr_line' id='line_1_29' title="bbox 234 4834 3908 4936; baseline 0.001 -32"><span class='ocrx_word' id='word_1_328' title='bbox 234 4834 495 4909; x_wconf 86' lang='lat' dir='ltr'><strong>Andree.</strong></span> <span class='ocrx_word' id='word_1_329' title='bbox 585 4842 751 4922; x_wconf 88' lang='lat' dir='ltr'><strong>Que</strong></span> <span class='ocrx_word' id='word_1_330' title='bbox 810 4846 1045 4911; x_wconf 89' lang='lat' dir='ltr'><strong>omnia</strong></span> <span class='ocrx_word' id='word_1_331' title='bbox 1088 4847 1378 4914; x_wconf 85' lang='lat' dir='ltr'><strong>vulnera</strong></span> <span class='ocrx_word' id='word_1_332' title='bbox 1423 4848 1709 4915; x_wconf 80' lang='lat' dir='ltr'><strong>fuerunt</strong></span> <span class='ocrx_word' id='word_1_333' title='bbox 1768 4847 2172 4936; x_wconf 90' lang='lat' dir='ltr'><strong>quindecim</strong></span> <span class='ocrx_word' id='word_1_334' title='bbox 2230 4858 2301 4915; x_wconf 90' lang='lat' dir='ltr'><strong>et</strong></span> <span class='ocrx_word' id='word_1_335' title='bbox 2344 4849 2647 4927; x_wconf 88' lang='lat' dir='ltr'><strong>unicum,</strong></span> <span class='ocrx_word' id='word_1_336' title='bbox 2693 4847 2921 4915; x_wconf 91' lang='lat' dir='ltr'><strong>silicet</strong></span> <span class='ocrx_word' id='word_1_337' title='bbox 2980 4847 3300 4935; x_wconf 89' lang='lat' dir='ltr'><strong>primum,</strong></span> <span class='ocrx_word' id='word_1_338' title='bbox 3348 4847 3485 4912; x_wconf 80' lang='lat' dir='ltr'><strong>fuit</strong></span> <span class='ocrx_word' id='word_1_339' title='bbox 3526 4843 3908 4936; x_wconf 80' lang='lat' dir='ltr'><strong>judicatum</strong></span> 
     </span>
     <span class='ocr_line' id='line_1_30' title="bbox 236 4939 3908 5044; baseline 0.001 -34"><span class='ocrx_word' id='word_1_340' title='bbox 236 4943 424 5013; x_wconf 88' lang='lat' dir='ltr'><strong>letale.</strong></span> <span class='ocrx_word' id='word_1_341' title='bbox 481 4950 814 5019; x_wconf 90' lang='lat' dir='ltr'><strong>Eiusdem</strong></span> <span class='ocrx_word' id='word_1_342' title='bbox 857 4954 1196 5041; x_wconf 90' lang='lat' dir='ltr'><strong>principis</strong></span> <span class='ocrx_word' id='word_1_343' title='bbox 1242 4953 1544 5021; x_wconf 87' lang='lat' dir='ltr'><strong>cadaver</strong></span> <span class='ocrx_word' id='word_1_344' title='bbox 1577 4956 1946 5023; x_wconf 78' lang='lat' dir='ltr'><strong>allevatum</strong></span> <span class='ocrx_word' id='word_1_345' title='bbox 1992 4956 2128 5022; x_wconf 80' lang='lat' dir='ltr'><strong>fuit</strong></span> <span class='ocrx_word' id='word_1_346' title='bbox 2161 4977 2204 5021; x_wconf 93' lang='lat' dir='ltr'><strong>a</strong></span> <span class='ocrx_word' id='word_1_347' title='bbox 2234 4968 2417 5021; x_wconf 87' lang='lat' dir='ltr'><strong>terra</strong></span> <span class='ocrx_word' id='word_1_348' title='bbox 2449 4969 2517 5023; x_wconf 92' lang='lat' dir='ltr'><strong>et</strong></span> <span class='ocrx_word' id='word_1_349' title='bbox 2546 4968 2889 5044; x_wconf 89' lang='lat' dir='ltr'><strong>portatum</strong></span> <span class='ocrx_word' id='word_1_350' title='bbox 2935 4955 3008 5022; x_wconf 90' lang='lat' dir='ltr'><strong>in</strong></span> <span class='ocrx_word' id='word_1_351' title='bbox 3039 4954 3369 5022; x_wconf 88' lang='lat' dir='ltr'><strong>sacrastia</strong></span> <span class='ocrx_word' id='word_1_352' title='bbox 3399 4939 3588 5020; x_wconf 85' lang='lat' dir='ltr'><strong>dicte</strong></span> <span class='ocrx_word' id='word_1_353' title='bbox 3623 4949 3908 5028; x_wconf 83' lang='lat' dir='ltr'><strong>eclesie3</strong></span> 
     </span>
     <span class='ocr_line' id='line_1_31' title="bbox 236 5056 3906 5150; baseline 0.001 -32"><span class='ocrx_word' id='word_1_354' title='bbox 236 5064 439 5134; x_wconf 84' lang='lat' dir='ltr'><strong>postea</strong></span> <span class='ocrx_word' id='word_1_355' title='bbox 494 5078 657 5125; x_wconf 87' lang='lat' dir='ltr'><strong>vero</strong></span> <span class='ocrx_word' id='word_1_356' title='bbox 723 5059 970 5126; x_wconf 90' lang='lat' dir='ltr'><strong>eadem</strong></span> <span class='ocrx_word' id='word_1_357' title='bbox 1016 5059 1131 5126; x_wconf 90' lang='lat' dir='ltr'><strong>die</strong></span> <span class='ocrx_word' id='word_1_358' title='bbox 1178 5060 1522 5148; x_wconf 88' lang='lat' dir='ltr'><strong>sepultum</strong></span> <span class='ocrx_word' id='word_1_359' title='bbox 1566 5062 1702 5129; x_wconf 79' lang='lat' dir='ltr'><strong>fuit</strong></span> <span class='ocrx_word' id='word_1_360' title='bbox 1747 5062 1889 5128; x_wconf 90' lang='lat' dir='ltr'><strong>ulla</strong></span> <span class='ocrx_word' id='word_1_361' title='bbox 1944 5062 2091 5129; x_wconf 91' lang='lat' dir='ltr'><strong>sine</strong></span> <span class='ocrx_word' id='word_1_362' title='bbox 2139 5062 2409 5129; x_wconf 80' lang='lat' dir='ltr'><strong>funeris</strong></span> <span class='ocrx_word' id='word_1_363' title='bbox 2453 5081 2710 5150; x_wconf 90' lang='lat' dir='ltr'><strong>pompa</strong></span> <span class='ocrx_word' id='word_1_364' title='bbox 2765 5062 2840 5127; x_wconf 91' lang='lat' dir='ltr'><strong>in</strong></span> <span class='ocrx_word' id='word_1_365' title='bbox 2886 5061 3146 5129; x_wconf 87' lang='lat' dir='ltr'><strong>eclesia</strong></span> <span class='ocrx_word' id='word_1_366' title='bbox 3195 5060 3440 5129; x_wconf 88' lang='lat' dir='ltr'><strong>maiori</strong></span> <span class='ocrx_word' id='word_1_367' title='bbox 3493 5056 3906 5126; x_wconf 89' lang='lat' dir='ltr'><strong>Mediolani.</strong></span> 
     </span>
     <span class='ocr_line' id='line_1_32' title="bbox 143 5151 3908 5245; baseline 0.003 -29"><span class='ocrx_word' id='word_1_368' title='bbox 143 5151 205 5215; x_wconf 84' lang='grc'><strong>30</strong></span> <span class='ocrx_word' id='word_1_369' title='bbox 236 5153 490 5245; x_wconf 87' lang='lat' dir='ltr'><strong>Propter</strong></span> <span class='ocrx_word' id='word_1_370' title='bbox 529 5165 894 5230; x_wconf 90' lang='lat' dir='ltr'><strong>tumultum</strong></span> <span class='ocrx_word' id='word_1_371' title='bbox 927 5178 1153 5232; x_wconf 87' lang='lat' dir='ltr'><strong>ortum</strong></span> <span class='ocrx_word' id='word_1_372' title='bbox 1197 5166 1274 5232; x_wconf 89' lang='lat' dir='ltr'><strong>in</strong></span> <span class='ocrx_word' id='word_1_373' title='bbox 1323 5167 1515 5234; x_wconf 90' lang='lat' dir='ltr'><strong>dicta</strong></span> <span class='ocrx_word' id='word_1_374' title='bbox 1549 5168 1805 5234; x_wconf 90' lang='lat' dir='ltr'><strong>eclesia</strong></span> <span class='ocrx_word' id='word_1_375' title='bbox 1835 5169 2058 5236; x_wconf 92' lang='lat' dir='ltr'><strong>sancti</strong></span> <span class='ocrx_word' id='word_1_376' title='bbox 2094 5168 2389 5236; x_wconf 80' lang='lat' dir='ltr'><strong>Steffani</strong></span> <span class='ocrx_word' id='word_1_377' title='bbox 2420 5166 2512 5234; x_wconf 96' lang='lat' dir='ltr'><strong>ob</strong></span> <span class='ocrx_word' id='word_1_378' title='bbox 2544 5168 2648 5234; x_wconf 89' lang='lat' dir='ltr'><strong>rei</strong></span> <span class='ocrx_word' id='word_1_379' title='bbox 2680 5167 3075 5234; x_wconf 90' lang='lat' dir='ltr'><strong>huiusmodi</strong></span> <span class='ocrx_word' id='word_1_380' title='bbox 3106 5166 3527 5245; x_wconf 85' lang='lat' dir='ltr'><strong>novitatem,&#39;</strong></span> <span class='ocrx_word' id='word_1_381' title='bbox 3559 5163 3908 5240; x_wconf 74' lang='lat' dir='ltr'><strong>mulieres,</strong></span> 
     </span>
     <span class='ocr_line' id='line_1_33' title="bbox 238 5265 3904 5362; baseline 0.003 -36"><span class='ocrx_word' id='word_1_382' title='bbox 238 5282 345 5346; x_wconf 88' lang='lat' dir='ltr'><strong>que</strong></span> <span class='ocrx_word' id='word_1_383' title='bbox 391 5265 646 5334; x_wconf 89' lang='lat' dir='ltr'><strong>ibidem</strong></span> <span class='ocrx_word' id='word_1_384' title='bbox 695 5283 894 5337; x_wconf 89' lang='lat' dir='ltr'><strong>erant</strong></span> <span class='ocrx_word' id='word_1_385' title='bbox 937 5284 1223 5360; x_wconf 90' lang='lat' dir='ltr'><strong>propter</strong></span> <span class='ocrx_word' id='word_1_386' title='bbox 1250 5271 1743 5340; x_wconf 81' lang='lat' dir='ltr'><strong>celebritatem</strong></span> <span class='ocrx_word' id='word_1_387' title='bbox 1788 5275 1951 5341; x_wconf 80' lang='lat' dir='ltr'><strong>festi</strong></span> <span class='ocrx_word' id='word_1_388' title='bbox 1999 5273 2455 5354; x_wconf 87' lang='lat' dir='ltr'><strong>ornatissime,</strong></span> <span class='ocrx_word' id='word_1_389' title='bbox 2503 5275 2894 5362; x_wconf 79' lang='lat' dir='ltr'><strong>stupefacte</strong></span> <span class='ocrx_word' id='word_1_390' title='bbox 2953 5286 3022 5340; x_wconf 92' lang='lat' dir='ltr'><strong>et</strong></span> <span class='ocrx_word' id='word_1_391' title='bbox 3068 5273 3324 5341; x_wconf 85' lang='lat' dir='ltr'><strong>exitum</strong></span> <span class='ocrx_word' id='word_1_392' title='bbox 3373 5272 3627 5341; x_wconf 90' lang='lat' dir='ltr'><strong>eclesie</strong></span> <span class='ocrx_word' id='word_1_393' title='bbox 3673 5270 3904 5338; x_wconf 90' lang='lat' dir='ltr'><strong>acele-</strong></span> 
     </span>
     <span class='ocr_line' id='line_1_34' title="bbox 235 5374 3860 5471; baseline 0.003 -38"><span class='ocrx_word' id='word_1_394' title='bbox 235 5382 447 5449; x_wconf 81' lang='lat' dir='ltr'><strong>rantes,</strong></span> <span class='ocrx_word' id='word_1_395' title='bbox 491 5374 822 5442; x_wconf 88' lang='lat' dir='ltr'><strong>derobate</strong></span> <span class='ocrx_word' id='word_1_396' title='bbox 870 5391 1048 5456; x_wconf 91' lang='lat' dir='ltr'><strong>sunt,</strong></span> <span class='ocrx_word' id='word_1_397' title='bbox 1096 5378 1324 5445; x_wconf 91' lang='lat' dir='ltr'><strong>silicet</strong></span> <span class='ocrx_word' id='word_1_398' title='bbox 1367 5381 1584 5447; x_wconf 92' lang='lat' dir='ltr'><strong>multe</strong></span> <span class='ocrx_word' id='word_1_399' title='bbox 1632 5402 1720 5446; x_wconf 87' lang='lat' dir='ltr'><strong>ex</strong></span> <span class='ocrx_word' id='word_1_400' title='bbox 1765 5381 1866 5445; x_wconf 90' lang='lat' dir='ltr'><strong>eis</strong></span> <span class='ocrx_word' id='word_1_401' title='bbox 1907 5381 2280 5471; x_wconf 87' lang='lat' dir='ltr'><strong>jocalibus,</strong></span> <span class='ocrx_word' id='word_1_402' title='bbox 2328 5402 2466 5469; x_wconf 90' lang='lat' dir='ltr'><strong>que</strong></span> <span class='ocrx_word' id='word_1_403' title='bbox 2512 5380 2584 5446; x_wconf 90' lang='lat' dir='ltr'><strong>in</strong></span> <span class='ocrx_word' id='word_1_404' title='bbox 2632 5392 2842 5467; x_wconf 87' lang='lat' dir='ltr'><strong>caput</strong></span> <span class='ocrx_word' id='word_1_405' title='bbox 2888 5392 2959 5447; x_wconf 91' lang='lat' dir='ltr'><strong>et</strong></span> <span class='ocrx_word' id='word_1_406' title='bbox 3001 5380 3096 5446; x_wconf 92' lang='lat' dir='ltr'><strong>ad</strong></span> <span class='ocrx_word' id='word_1_407' title='bbox 3141 5379 3428 5446; x_wconf 89' lang='lat' dir='ltr'><strong>brachia</strong></span> <span class='ocrx_word' id='word_1_408' title='bbox 3473 5376 3860 5468; x_wconf 88' lang='lat' dir='ltr'><strong>gestabant.</strong></span> 
     </span>
     <span class='ocr_line' id='line_1_35' title="bbox 386 5477 3907 5574; baseline 0.002 -31"><span class='ocrx_word' id='word_1_409' title='bbox 386 5477 640 5545; x_wconf 90' lang='lat' dir='ltr'><strong>Eodem</strong></span> <span class='ocrx_word' id='word_1_410' title='bbox 688 5483 828 5563; x_wconf 91' lang='lat' dir='ltr'><strong>die,</strong></span> <span class='ocrx_word' id='word_1_411' title='bbox 877 5485 1112 5568; x_wconf 84' lang='lat' dir='ltr'><strong>occiso</strong></span> <span class='ocrx_word' id='word_1_412' title='bbox 1160 5485 1352 5552; x_wconf 91' lang='lat' dir='ltr'><strong>dicto</strong></span> <span class='ocrx_word' id='word_1_413' title='bbox 1399 5486 1746 5574; x_wconf 89' lang='lat' dir='ltr'><strong>principe,</strong></span> <span class='ocrx_word' id='word_1_414' title='bbox 1794 5487 1995 5573; x_wconf 87' lang='lat' dir='ltr'><strong>pueri</strong></span> <span class='ocrx_word' id='word_1_415' title='bbox 2042 5485 2605 5556; x_wconf 89' lang='lat' dir='ltr'><strong>Mediolanenses</strong></span> <span class='ocrx_word' id='word_1_416' title='bbox 2650 5487 2727 5553; x_wconf 90' lang='lat' dir='ltr'><strong>in</strong></span> <span class='ocrx_word' id='word_1_417' title='bbox 2773 5488 3071 5554; x_wconf 82' lang='lat' dir='ltr'><strong>maximo</strong></span> <span class='ocrx_word' id='word_1_418' title='bbox 3101 5507 3392 5554; x_wconf 91' lang='lat' dir='ltr'><strong>numero</strong></span> <span class='ocrx_word' id='word_1_419' title='bbox 3423 5486 3705 5552; x_wconf 89' lang='lat' dir='ltr'><strong>insimul</strong></span> <span class='ocrx_word' id='word_1_420' title='bbox 3734 5486 3907 5552; x_wconf 90' lang='lat' dir='ltr'><strong>adu-</strong></span> 
     </span>
     <span class='ocr_line' id='line_1_36' title="bbox 239 5582 3905 5683; baseline 0.003 -36"><span class='ocrx_word' id='word_1_421' title='bbox 239 5582 372 5660; x_wconf 84' lang='lat' dir='ltr'><strong>nati,</strong></span> <span class='ocrx_word' id='word_1_422' title='bbox 426 5584 808 5672; x_wconf 89' lang='lat' dir='ltr'><strong>ligaverunt</strong></span> <span class='ocrx_word' id='word_1_423' title='bbox 870 5591 962 5657; x_wconf 90' lang='lat' dir='ltr'><strong>ad</strong></span> <span class='ocrx_word' id='word_1_424' title='bbox 1022 5594 1280 5678; x_wconf 89' lang='lat' dir='ltr'><strong>pedem</strong></span> <span class='ocrx_word' id='word_1_425' title='bbox 1341 5593 1654 5679; x_wconf 88' lang='lat' dir='ltr'><strong>corporis</strong></span> <span class='ocrx_word' id='word_1_426' title='bbox 1713 5593 1887 5660; x_wconf 88' lang='lat' dir='ltr'><strong>dicti</strong></span> <span class='ocrx_word' id='word_1_427' title='bbox 1930 5594 2272 5683; x_wconf 89' lang='lat' dir='ltr'><strong>Johannis</strong></span> <span class='ocrx_word' id='word_1_428' title='bbox 2330 5591 2619 5661; x_wconf 90' lang='lat' dir='ltr'><strong>Andree</strong></span> <span class='ocrx_word' id='word_1_429' title='bbox 2678 5615 2886 5660; x_wconf 90' lang='lat' dir='ltr'><strong>unam</strong></span> <span class='ocrx_word' id='word_1_430' title='bbox 2949 5593 3188 5659; x_wconf 80' lang='lat' dir='ltr'><strong>funem</strong></span> <span class='ocrx_word' id='word_1_431' title='bbox 3253 5605 3324 5660; x_wconf 91' lang='lat' dir='ltr'><strong>et</strong></span> <span class='ocrx_word' id='word_1_432' title='bbox 3383 5594 3609 5680; x_wconf 90' lang='lat' dir='ltr'><strong>ipsum</strong></span> <span class='ocrx_word' id='word_1_433' title='bbox 3672 5591 3905 5658; x_wconf 90' lang='lat' dir='ltr'><strong>triduo</strong></span> 
     </span>
     <span class='ocr_line' id='line_1_37' title="bbox 143 5681 3906 5788; baseline 0.003 -37"><span class='ocrx_word' id='word_1_434' title='bbox 143 5681 205 5745; x_wconf 85' lang='grc'><strong>35</strong></span> <span class='ocrx_word' id='word_1_435' title='bbox 240 5688 593 5757; x_wconf 84' lang='lat' dir='ltr'><strong>trhaxerunt</strong></span> <span class='ocrx_word' id='word_1_436' title='bbox 622 5715 750 5781; x_wconf 89' lang='lat' dir='ltr'><strong>per</strong></span> <span class='ocrx_word' id='word_1_437' title='bbox 781 5708 992 5764; x_wconf 88' lang='lat' dir='ltr'><strong>totam</strong></span> <span class='ocrx_word' id='word_1_438' title='bbox 1027 5697 1382 5766; x_wconf 87' lang='lat' dir='ltr'><strong>civitatem</strong></span> <span class='ocrx_word' id='word_1_439' title='bbox 1416 5710 1486 5766; x_wconf 89' lang='lat' dir='ltr'><strong>et</strong></span> <span class='ocrx_word' id='word_1_440' title='bbox 1519 5712 1914 5768; x_wconf 89' lang='lat' dir='ltr'><strong>contractas</strong></span> <span class='ocrx_word' id='word_1_441' title='bbox 1947 5700 2112 5779; x_wconf 90' lang='lat' dir='ltr'><strong>eius,</strong></span> <span class='ocrx_word' id='word_1_442' title='bbox 2146 5701 2367 5788; x_wconf 89' lang='lat' dir='ltr'><strong>ipsum</strong></span> <span class='ocrx_word' id='word_1_443' title='bbox 2402 5721 2556 5768; x_wconf 94' lang='lat' dir='ltr'><strong>com</strong></span> <span class='ocrx_word' id='word_1_444' title='bbox 2590 5699 2913 5780; x_wconf 92' lang='lat' dir='ltr'><strong>cultellis,</strong></span> <span class='ocrx_word' id='word_1_445' title='bbox 2937 5701 3234 5768; x_wconf 80' lang='lat' dir='ltr'><strong>fustibus</strong></span> <span class='ocrx_word' id='word_1_446' title='bbox 3268 5713 3339 5774; x_wconf 88' lang='lat' dir='ltr'><strong>et</strong></span> <span class='ocrx_word' id='word_1_447' title='bbox 3368 5699 3717 5787; x_wconf 84' lang='lat' dir='ltr'><strong>lapidibus</strong></span> <span class='ocrx_word' id='word_1_448' title='bbox 3746 5718 3906 5786; x_wconf 90' lang='lat' dir='ltr'><strong>per-</strong></span> 
     </span>
     <span class='ocr_line' id='line_1_38' title="bbox 240 5794 3902 5894; baseline 0.003 -35"><span class='ocrx_word' id='word_1_449' title='bbox 240 5794 541 5871; x_wconf 86' lang='lat' dir='ltr'><strong>cutiendo.</strong></span> <span class='ocrx_word' id='word_1_450' title='bbox 629 5804 907 5870; x_wconf 83' lang='lat' dir='ltr'><strong>Exinde</strong></span> <span class='ocrx_word' id='word_1_451' title='bbox 954 5805 1026 5870; x_wconf 92' lang='lat' dir='ltr'><strong>in</strong></span> <span class='ocrx_word' id='word_1_452' title='bbox 1073 5805 1297 5884; x_wconf 80' lang='lat' dir='ltr'><strong>foveis</strong></span> <span class='ocrx_word' id='word_1_453' title='bbox 1343 5806 1555 5874; x_wconf 88' lang='lat' dir='ltr'><strong>castri</strong></span> <span class='ocrx_word' id='word_1_454' title='bbox 1598 5806 1774 5873; x_wconf 90' lang='lat' dir='ltr'><strong>illud</strong></span> <span class='ocrx_word' id='word_1_455' title='bbox 1833 5808 2314 5894; x_wconf 86' lang='lat' dir='ltr'><strong>proiecerunt:</strong></span> <span class='ocrx_word' id='word_1_456' title='bbox 2376 5807 2816 5894; x_wconf 86' lang='lat' dir='ltr'><strong>postmodum</strong></span> <span class='ocrx_word' id='word_1_457' title='bbox 2860 5807 3357 5874; x_wconf 83' lang='lat' dir='ltr'><strong>extrhaxerunt</strong></span> <span class='ocrx_word' id='word_1_458' title='bbox 3403 5819 3475 5874; x_wconf 90' lang='lat' dir='ltr'><strong>et</strong></span> <span class='ocrx_word' id='word_1_459' title='bbox 3516 5825 3902 5894; x_wconf 89' lang='lat' dir='ltr'><strong>appensum</strong></span> 
     </span>
    </p>
   </div>
   <div class='ocr_carea' id='block_1_7' title="bbox 337 2451 3926 2831">
    <p class='ocr_par' dir='ltr' id='par_1_7' title="bbox 337 2451 3926 2831">
     <span class='ocr_line' id='line_1_39' title="bbox 337 2451 3926 2831; baseline -0.001 -261"><span class='ocrx_word' id='word_1_460' title='bbox 337 2451 386 2831; x_wconf 93' lang='grc' dir='ltr'>Ι</span> <span class='ocrx_word' id='word_1_461' title='bbox 524 2451 533 2831; x_wconf 52' lang='lat' dir='ltr'>i</span> <span class='ocrx_word' id='word_1_462' title='bbox 589 2755 598 2824; x_wconf 60' lang='grc' dir='ltr'>Ι</span> <span class='ocrx_word' id='word_1_463' title='bbox 713 2523 925 2570; x_wconf 72' lang='lat' dir='ltr'><strong>onim</strong></span> <span class='ocrx_word' id='word_1_464' title='bbox 969 2524 1152 2571; x_wconf 89' lang='lat' dir='ltr'><strong>anno</strong></span> <span class='ocrx_word' id='word_1_465' title='bbox 1207 2501 1412 2575; x_wconf 82' lang='grc' dir='ltr'><strong>1477ι</strong></span> <span class='ocrx_word' id='word_1_466' title='bbox 1462 2504 1577 2571; x_wconf 89' lang='lat' dir='ltr'><strong>die</strong></span> <span class='ocrx_word' id='word_1_467' title='bbox 1619 2502 1811 2592; x_wconf 81' lang='lat' dir='ltr'><strong>xxvj.</strong></span> <span class='ocrx_word' id='word_1_468' title='bbox 1861 2501 2271 2583; x_wconf 88' lang='lat' dir='ltr'><strong>decembris,</strong></span> <span class='ocrx_word' id='word_1_469' title='bbox 2318 2523 2458 2591; x_wconf 90' lang='lat' dir='ltr'><strong>qua</strong></span> <span class='ocrx_word' id='word_1_470' title='bbox 2504 2500 2985 2569; x_wconf 87' lang='lat' dir='ltr'><strong>celebrabatur</strong></span> <span class='ocrx_word' id='word_1_471' title='bbox 3028 2501 3281 2569; x_wconf 80' lang='lat' dir='ltr'><strong>festum</strong></span> <span class='ocrx_word' id='word_1_472' title='bbox 3334 2499 3557 2569; x_wconf 86' lang='lat' dir='ltr'><strong>sancti</strong></span> <span class='ocrx_word' id='word_1_473' title='bbox 3602 2498 3926 2578; x_wconf 81' lang='lat' dir='ltr'><strong>Steffani,</strong></span> 
     </span>
    </p>
   </div>
   <div class='ocr_carea' id='block_1_8' title="bbox 392 6039 3122 6118">
    <p class='ocr_par' dir='ltr' id='par_1_8' title="bbox 392 6039 3122 6118">
     <span class='ocr_line' id='line_1_40' title="bbox 392 6039 3122 6118; baseline 0.002 -21"><span class='ocrx_word' id='word_1_474' title='bbox 392 6039 411 6074; x_wconf 80' lang='lat'><em>¹</em></span> <span class='ocrx_word' id='word_1_475' title='bbox 441 6042 572 6098; x_wconf 72' lang='lat' dir='ltr'><strong>Cloe</strong></span> <span class='ocrx_word' id='word_1_476' title='bbox 625 6047 777 6115; x_wconf 81' lang='lat'><strong>1476,</strong></span> <span class='ocrx_word' id='word_1_477' title='bbox 825 6048 1162 6117; x_wconf 79' lang='lat' dir='ltr'><strong>seguendosi</strong></span> <span class='ocrx_word' id='word_1_478' title='bbox 1209 6050 1309 6116; x_wconf 74' lang='lat' dir='ltr'><strong>qui</strong></span> <span class='ocrx_word' id='word_1_479' title='bbox 1346 6049 1388 6101; x_wconf 82' lang='lat' dir='ltr'>ss</span> <span class='ocrx_word' id='word_1_480' title='bbox 1434 6050 1666 6102; x_wconf 79' lang='lat' dir='ltr'><strong>vecchio</strong></span> <span class='ocrx_word' id='word_1_481' title='bbox 1716 6051 1848 6103; x_wconf 81' lang='lat' dir='ltr'><strong>stile</strong></span> <span class='ocrx_word' id='word_1_482' title='bbox 1885 6065 1992 6118; x_wconf 86' lang='lat' dir='ltr'><strong>per</strong></span> <span class='ocrx_word' id='word_1_483' title='bbox 2095 6051 2186 6102; x_wconf 82' lang='lat' dir='ltr'><strong>cul</strong></span> <span class='ocrx_word' id='word_1_484' title='bbox 2219 6048 2411 6103; x_wconf 78' lang='lat' dir='ltr'><strong>Panno</strong></span> <span class='ocrx_word' id='word_1_485' title='bbox 2445 6051 2797 6102; x_wconf 75' lang='lat' dir='ltr'><strong>comlnciava</strong></span> <span class='ocrx_word' id='word_1_486' title='bbox 2833 6066 2869 6104; x_wconf 81' lang='lat' dir='ltr'><strong>a</strong></span> <span class='ocrx_word' id='word_1_487' title='bbox 2902 6049 3122 6104; x_wconf 80' lang='lat' dir='ltr'><strong>Natale.</strong></span> 
     </span>
    </p>
   </div>
   <div class='ocr_carea' id='block_1_9' title="bbox 4086 2530 4360 2667">
    <p class='ocr_par' dir='ltr' id='par_1_9' title="bbox 4086 2530 4360 2667">
     <span class='ocr_line' id='line_1_41' title="bbox 4095 2530 4255 2566; baseline 0 -4"><span class='ocrx_word' id='word_1_488' title='bbox 4095 2530 4139 2566; x_wconf 81' lang='lat' dir='ltr'><strong>e.</strong></span> <span class='ocrx_word' id='word_1_489' title='bbox 4174 2532 4200 2562; x_wconf 76' lang='grc' dir='ltr'><em>ι</em></span> <span class='ocrx_word' id='word_1_490' title='bbox 4228 2531 4255 2562; x_wconf 80' lang='lat' dir='ltr'><strong>r</strong></span> 
     </span>
     <span class='ocr_line' id='line_1_42' title="bbox 4086 2615 4360 2667; baseline 0.004 -9"><span class='ocrx_word' id='word_1_491' title='bbox 4086 2617 4243 2667; x_wconf 68' lang='lat' dir='ltr'><strong>Mea..</strong></span> <span class='ocrx_word' id='word_1_492' title='bbox 4274 2615 4360 2660; x_wconf 77' lang='lat'><strong>2⁴7</strong></span> 
     </span>
    </p>
   </div>
   <div class='ocr_carea' id='block_1_10' title="bbox 4081 3679 4347 3730">
    <p class='ocr_par' dir='ltr' id='par_1_10' title="bbox 4081 3679 4347 3730">
     <span class='ocr_line' id='line_1_43' title="bbox 4081 3679 4347 3730; baseline -0.008 -7"><span class='ocrx_word' id='word_1_493' title='bbox 4081 3680 4240 3730; x_wconf 68' lang='lat' dir='ltr'><strong>Mun..</strong></span> <span class='ocrx_word' id='word_1_494' title='bbox 4267 3679 4347 3721; x_wconf 71' lang='lat'><strong>2⁴⁸</strong></span> 
     </span>
    </p>
   </div>
   <div class='ocr_carea' id='block_1_11' title="bbox 4061 5173 4324 5224">
    <p class='ocr_par' dir='ltr' id='par_1_11' title="bbox 4061 5173 4324 5224">
     <span class='ocr_line' id='line_1_44' title="bbox 4061 5173 4324 5224; baseline 0.004 -11"><span class='ocrx_word' id='word_1_495' title='bbox 4061 5173 4209 5224; x_wconf 63' lang='lat' dir='ltr'><strong>Mun„</strong></span> <span class='ocrx_word' id='word_1_496' title='bbox 4244 5174 4324 5216; x_wconf 72' lang='lat'><strong>2⁴⁹</strong></span> 
     </span>
    </p>
   </div>
  </div>
 </body>
</html>
