4895 7066
482 3115 533 3156 Μ
538 3127 564 3157 υ

571 3127 633 3167 a„
667 3115 749 3158 323

562 5266 605 5299 c.
635 5254 750 5298 btv

918 468 1013 548 58
1506 474 1513 483 ⁴
2205 473 2684 554 CRONICA
2742 475 3326 553 GESTORUM
4023 486 4132 564 [A.
4175 491 4341 551 1479
4383 491 4640 563 onobre]

3254 628 3379 641 Μ

1088 738 1319 807 Causa
1362 749 1591 805 autem
1637 737 2053 806 infirmitatis
2097 738 2271 806 dicti
2317 739 2582 806 domini
2626 740 2966 828 Jeronimi
3010 740 3324 831 Bernerij
3371 741 3577 807 unius
3605 762 3693 807 ex
3725 740 4069 829 capitibus
4100 743 4635 821 confinatorum,

904 847 1262 934 processit,
1294 846 1620 933 quoniam
1650 845 1841 912 facta
1872 845 2253 913 remotione
2284 857 2354 914 et
2385 846 2855 934 detemptione
2888 847 3154 915 domini
3186 847 3391 916 Cichi
3422 860 3494 915 et
3524 848 3748 916 ventis
3793 849 3867 914 in
3896 848 4304 917 Mediolano
4331 850 4639 916 dominis

905 953 1270 1021 Ludovico
1316 952 1601 1021 Sforcia
1644 963 1717 1019 et
1758 951 2094 1031 Robert0,
2142 973 2436 1041 quorum
2481 954 2631 1040 ipse
2679 955 3001 1022 dominus
3045 955 3440 1043 Jeronimus
3485 967 3635 1022 erat
3679 955 4151 1037 amicissimus,
4198 956 4306 1023 his
4339 979 4504 1023 cum
4538 958 4638 1025 eis

906 1072 1325 1149 conquestus
1368 1070 1495 1139 est,
1542 1060 1731 1146 quod
1774 1080 1960 1128 anno
2005 1060 2341 1146 preterito
2384 1059 2696 1128 indebite
2740 1072 3081 1128 ammotus
3127 1062 3377 1142 fuerat,
3426 1073 3497 1128 et
3540 1062 3938 1148 vituperose
3989 1063 4075 1130 ab
4104 1063 4333 1131 officio
4367 1063 4636 1150 capita-

907 1179 1150 1235 neatus
1196 1166 1453 1255 justitie
1501 1164 1906 1245 Mediolani,
1940 1168 2031 1234 de
2065 1188 2203 1254 qua
2248 1167 2629 1235 remotione
2675 1169 2992 1255 superius
3035 1182 3390 1237 narratum
3435 1182 3560 1248 est,
3609 1169 3800 1238 facta
3845 1181 4079 1238 tamen
4138 1171 4320 1260 juste
4366 1182 4443 1238 et
4489 1171 4636 1237 cle-
4736 1170 4786 1236 5

903 1276 1349 1353 meritissime,
1397 1294 1555 1340 cum
1600 1274 1708 1340 his
1752 1273 1996 1341 fuisset
2040 1275 2300 1361 primus
2346 1286 2417 1342 et
2460 1275 2820 1361 potissima
2852 1295 3062 1342 causa
3093 1276 3509 1344 seditionum
3542 1291 3612 1344 et
3643 1278 4026 1346 novitatum
4070 1277 4343 1345 Parme.
4415 1276 4635 1366 Petijt

902 1403 1185 1472 quoque
1230 1404 1306 1448 se
1349 1380 1620 1449 restitui
1666 1381 1759 1447 ad
1802 1382 1880 1448 id
1928 1380 2247 1448 officium.
2338 1382 2557 1449 Facte
2601 1395 2760 1450 sunt
2819 1383 2888 1449 ei
2950 1383 3176 1451 littere
3241 1396 3630 1473 opportune
3688 1404 3816 1471 per
3877 1384 4244 1471 deputatos
4303 1386 4400 1451 ad
4447 1385 4634 1473 regi-

902 1511 1062 1557 men
1127 1499 1362 1555 status.
1454 1487 1669 1568 Quod
1722 1510 1881 1554 cum
1943 1489 2237 1555 relatum
2294 1488 2538 1556 fuisset
2602 1489 2877 1556 domine
2940 1490 3235 1569 ducisse,
3299 1491 3448 1577 ipsa
3508 1512 3775 1558 memor
3842 1492 3981 1558 vite
4044 1491 4247 1557 huius
4303 1492 4629 1572 hominis,

904 1596 1097 1667 illico
1130 1594 1487 1662 revocavit
1519 1595 1742 1664 dictas
1773 1594 2040 1663 litteras
2071 1607 2141 1661 et
2171 1614 2314 1662 non
2346 1607 2451 1661 est
2479 1616 2701 1682 passa,
2735 1595 3093 1664 dominum
3125 1596 3555 1684 Jeronimum
3587 1597 3847 1665 intrare
3880 1598 3972 1664 ad
4004 1597 4271 1665 dictum
4304 1598 4627 1675 officium,

903 1704 1091 1792 quod
1134 1703 1285 1789 ipse
1333 1722 1499 1791 egre
1548 1711 1619 1768 et
1662 1702 1754 1768 ad
1799 1702 2290 1789 sempiternum
2335 1702 2754 1790 vituperium
2813 1704 3074 1782 ferens,
3136 1702 3377 1791 dolore
3436 1724 3806 1791 percussus
3852 1704 3921 1770 in
3967 1705 4154 1772 lecto
4201 1727 4274 1772 se
4320 1717 4630 1792 proster-
4689 1707 4784 1770 10

907 1811 1120 1891 navit,
1170 1829 1337 1897 eger
1381 1808 1613 1876 animo
1659 1820 1731 1876 et
1777 1819 2100 1898 egrotans
2147 1829 2468 1896 corpore.

1083 1917 1267 1982 Dum
1311 1916 1613 1981 maxima
1658 1914 1842 1983 foret
1902 1915 2320 2002 disceptatio
2378 1916 2771 1984 Mediolani
2830 1936 2960 2003 pro
3021 1919 3159 1984 hoc
3220 1938 3404 1986 novo
3466 1918 3829 2008 regimine,
3891 1919 4060 1985 illuc
4121 1928 4632 1985 concurrerunt

897 2036 1210 2092 oratores
1254 2022 1440 2111 regis
1485 2022 1935 2101 Ferdinandi,
1981 2041 2184 2108 pape,
2215 2021 2803 2103 Florentinorum,
2834 2024 3265 2091 Venetorum
3296 2036 3365 2091 et
3397 2024 3953 2105 Suevizerorum,
3985 2024 4106 2092 ubi
4141 2024 4348 2091 etiam
4378 2025 4629 2091 aderat

902 2131 1043 2197 dux
1087 2129 1447 2207 Hercules,
1481 2128 1601 2217 qui
1635 2127 1724 2194 ab
1756 2127 2072 2194 omnibus
2101 2128 2552 2214 reputabatur
2583 2129 2975 2216 detemptus
3005 2131 3099 2198 ad
3131 2131 3530 2207 instantiam
3563 2132 3752 2221 regis
3781 2132 4250 2215 Ferdinandi3
4284 2141 4628 2218 erantque

901 2237 1216 2305 nonnulli
1250 2246 1573 2322 optantes
1603 2244 1674 2301 et
1705 2235 2209 2322 perquirentes,
2242 2234 2450 2325 ligam
2481 2235 2911 2303 Venetorum
2943 2247 3015 2303 et
3043 2238 3596 2305 Florentinorum
3630 2239 4031 2306 dissolvere.
4111 2237 4476 2305 Suevizari
4509 2259 4628 2303 au·
4685 2238 4771 2303 15

901 2357 1039 2412 tem
1088 2363 1253 2433 egre
1286 2341 1604 2409 ferebant
1634 2341 2177 2427 detemptionem
2211 2353 2282 2408 et
2329 2342 2746 2410 amotionem
2794 2343 3059 2409 domini
3101 2343 3339 2422 Cichi3
3362 2344 3831 2421 ,nictebantur
3874 2364 4151 2433 quoque
4196 2365 4488 2435 gueram
4521 2344 4629 2409 in-

901 2455 1086 2519 ferre
1133 2449 1340 2517 statui
1381 2448 1807 2526 Mediolani3
1854 2470 2013 2514 nam
2059 2448 2340 2542 quidam
2372 2447 2631 2516 nobilis
2664 2448 3076 2517 Suevizarus
3119 2462 3330 2537 caput
3360 2470 3601 2518 eorum
3645 2463 3716 2518 et
3757 2463 4030 2538 potens,
4063 2462 4214 2519 erat
4243 2472 4466 2541 gener
4496 2451 4624 2519 do-

903 2557 1075 2625 mini
1119 2555 1344 2627 Cichi.
1433 2555 1754 2622 Tandem
1801 2574 1912 2622 res
1945 2554 2369 2622 concordate
2401 2567 2592 2634 sunt;
2628 2578 2786 2647 nam
2835 2557 2977 2625 dux
3022 2557 3361 2624 Hercules
3404 2557 3613 2648 redijt
3658 2557 4008 2625 Ferariam
4053 2578 4182 2645 per
4225 2579 4503 2645 aquam,
4549 2570 4628 2624 ut

896 2667 1161 2732 firmam
1210 2663 1681 2751 capitaneatus
1725 2662 1831 2729 sui
1876 2660 2013 2752 lige
2059 2662 2461 2749 compleret,
2508 2663 2626 2751 qui
2672 2664 2742 2729 in
2786 2663 3032 2731 itinere
3078 2664 3367 2731 munivit
3412 2664 3775 2732 Bersillum
3823 2685 3980 2733 com
4025 2665 4304 2733 Bazano
4339 2677 4407 2733 et
4438 2666 4623 2732 Scu-

897 2793 1071 2839 rano
1120 2784 1189 2838 et
1233 2771 1808 2840 Castrumnovum
1853 2768 2250 2848 Parmense,
2296 2780 2579 2837 scontro
2625 2769 3021 2838 Castrinovi
3063 2771 3546 2838 Terdonensis
3588 2772 3882 2839 restituti
3926 2770 4213 2838 domino
4273 2771 4626 2852 Robert0,
4673 2775 4768 2838 20

898 2881 990 2947 de
1021 2900 1160 2967 quo
1192 2899 1354 2965 pars
1384 2875 1851 2965 Corrigiensis
1881 2886 2101 2942 mesta
2144 2887 2213 2942 et
2259 2877 2507 2944 dolens
2535 2877 2885 2956 remansit,
2918 2888 3168 2964 optans
3212 2899 3298 2945 ea
3342 2877 3502 2945 loca
3532 2876 4090 2968 Corrigiensibus
4121 2877 4628 2966 dari,.quorum

907 2985 1074 3052 alias
1105 2986 1411 3052 fuerant.
1448 2984 1539 3051 Et
1566 3002 1694 3069 pro
1727 2982 1829 3049 eis
1857 2980 2201 3049 habendis
2232 2982 2593 3068 profectus
2622 2980 2877 3050 fuerat'
2907 2983 3388 3051 Mediolanum
3413 2985 3739 3053 dominus
3763 2984 4120 3052 Nicollaus
4151 2985 4240 3051 de
4273 2985 4624 3073 Corrigia.

903 3094 997 3160 Et
1041 3104 1311 3159 tenetur
1355 3109 1442 3158 ea
1486 3089 1643 3155 loca
1701 3087 1837 3155 sic'
1896 3088 2065 3156 data
2124 3088 2360 3169 fuisse,
2407 3102 2484 3157 ut
2529 3109 2760 3175 supra,
2805 3108 2895 3157 ne
2939 3089 3424 3178 Corrigienses
3485 3111 3571 3158 ea
3629 3089 4047 3169 obtinerent,
4108 3091 4277 3179 quia
4334 3091 4626 3158 fuerant

897 3198 1170 3266 inimici
1216 3196 1413 3264 ducis
1456 3195 1939 3283 Filippimarie
1988 3206 2059 3261 et
2103 3196 2306 3262 ducis
2350 3195 2708 3263 Francisci
2755 3195 3058 3263 Sforcie.
3151 3197 3381 3276 Quam
3444 3209 3752 3264 tenutam
3815 3198 4045 3265 dictus
4087 3198 4230 3265 dux
4273 3197 4626 3265 Hercules

897 3306 1173 3393 accepit
1234 3303 1510 3372 decim0
1572 3313 1822 3370 octavo
1883 3299 2190 3369 octubris
2242 3299 2432 3373 1479.
2525 3302 2618 3369 Et
2665 3322 2822 3369 cum
2868 3303 3004 3373 fuit
3045 3303 3119 3368 in
3164 3325 3328 3372 arce
3387 3303 3663 3370 Bersilli
3711 3304 3887 3372 dixit
3943 3307 3975 3340 “
4001 3305 4078 3370 Io
4121 3306 4217 3372 ho
4262 3304 4620 3372 cambiato
4671 3302 4758 3370 25

896 3435 1022 3482 oro
1067 3414 1141 3478 in
1186 3432 1376 3479 ramo
1403 3457 1463 3492 ,,.
1554 3408 1892 3475 Dominus
1936 3392 2105 3476 vero
2152 3408 2509 3475 Robertus
2552 3410 2654 3476 ire
2704 3408 3007 3477 debebat
3039 3430 3198 3476 com
3229 3410 3369 3476 suis
3396 3410 3717 3500 gentibus
3763 3422 4007 3479 contra
4050 3410 4492 3478 Florentinos
4519 3412 4622 3478 ad

898 3520 1181 3589 servitia
1226 3514 1430 3608 regis,
1465 3528 1536 3584 et
1565 3515 1880 3583 similiter
1910 3516 2198 3583 comites
2229 3516 2318 3583 de
2350 3516 2674 3585 Torellis.
2765 3515 2858 3584 Et
2892 3527 2997 3584 est
3026 3518 3410 3598 sciendum,
3444 3517 3609 3583 dum
3644 3517 3871 3585 dic'tus
3901 3516 4223 3586 dominus
4252 3517 4620 3585 Nicollaus

896 3630 986 3696 de
1034 3625 1354 3714 Corrigia
1397 3624 1699 3692 venisset
1742 3620 2085 3709 Parmam,
2133 3634 2208 3689 ut
2252 3622 2389 3691 iret
2433 3622 2916 3692 Mediolanum
2949 3643 3037 3691 ex
3068 3645 3279 3692 causa
3324 3624 3533 3704 dicta,
3580 3623 3940 3712 allogiavit
3982 3622 4058 3690 in
4091 3626 4302 3692 domo
4333 3624 4615 3691 illorum

896 3736 985 3803 de
1032 3733 1491 3822 Ballestrerijs
1534 3741 1607 3798 et
1650 3751 1781 3817 per
1826 3729 2174 3797 civitatem
2219 3729 2699 3797 associabatur
2742 3749 2873 3817 per
2916 3730 3111 3798 cives
3158 3732 3248 3799 de
3295 3751 3418 3797 sua
3460 3731 3764 3818 squadra
3809 3751 3967 3798 com
3997 3730 4267 3797 infinito
4296 3751 4613 3811 numero,

898 3866 1031 3912 nec
1077 3841 1273 3908 aliud
1316 3839 1740 3908 clamabatur
1783 3859 1916 3924 per
1960 3836 2336 3917 civitatem,
2384 3859 2591 3926 quam
2649 3839 2680 3873 “
2706 3836 3049 3917 Rubert0‚
3095 3836 3442 3919 Rubert0‚
3488 3838 3813 3918 Correza,
3859 3838 4164 3907 Correza
4187 3886 4250 3919 ,,.
4666 3842 4754 3905 30

1067 3948 1406 4017 Dominus
1450 3958 1680 4014 autem
1730 3942 1990 4012 Cichus
2032 3956 2385 4031 pretactus
2433 3945 2682 4011 ductus
2727 3944 2867 4012 fuit
2912 3945 2988 4009 in
3034 3957 3263 4013 castro
3311 3944 3548 4031 Papie,
3593 3943 3716 4012 ubi
3745 3944 4030 4031 optime
4077 3956 4148 4011 et
4206 3945 4354 4012 sine
4414 3966 4614 4014 com-

889 4058 1211 4147 pedibus,
1241 4054 1357 4123 vel
1386 4054 1526 4120 alia
1555 4051 2055 4122 restrinctione¹
2076 4050 2570 4118 observabatur
2603 4072 2759 4118 cum
2793 4051 3108 4118 omnibus
3132 4051 3269 4119 suis
3298 4051 3580 4141 delitijs,
3604 4063 4043 4139 preterquam
4090 4052 4276 4139 quod
4309 4065 4617 4119 castrum

892 4165 1079 4232 exire
1124 4183 1264 4230 non
1310 4171 1600 4247 poterat.
1692 4158 1888 4227 Uxor
1931 4169 2164 4225 autem
2209 4157 2359 4225 eius
2406 4159 2498 4225 de
2545 4159 2752 4225 domo
2787 4158 3302 4244 ,Vicecomitum
3362 4179 3489 4244 pre
3553 4158 3794 4225 dolore
3841 4158 4133 4224 insanna
4176 4172 4282 4224 est
4326 4159 4613 4228 effecta.

890 4270 1022 4339 Cui
1071 4267 1353 4336 domino
1398 4265 1620 4334 Cicho
1664 4285 1803 4332 una
1848 4263 2120 4330 dierum
2166 4264 2339 4330 dicti
2386 4264 2643 4331 mensis
2676 4263 2984 4331 octobris
3013 4264 3296 4332 illustris
3329 4264 3646 4330 dominus
3673 4262 4075 4330 Ludovicus
4120 4263 4398 4331 Sforcia
4431 4266 4613 4330 effe-

892 4389 1043 4445 ctus
1087 4375 1511 4464 gubernator
1540 4371 1890 4461 generalis
1919 4382 2133 4437 status
2161 4370 2551 4462 Mediolani
2581 4370 2801 4437 missit
2832 4372 3183 4459 quendam
3216 4370 3361 4438 eius
3391 4369 3725 4450 nuntium,
3771 4370 3904 4436 hac
3953 4390 4110 4438 com
4157 4369 4607 4438 ambassiata:
4662 4373 4748 4439 35

891 4484 1083 4571 quod
1126 4482 1185 4548 si
1230 4480 1362 4548 sibi
1408 4481 1673 4548 donare
1718 4477 1997 4545 volebat
2042 4476 2386 4556 denarios,
2433 4497 2607 4564 quos
2650 4477 3006 4544 Florentie
3053 4476 3380 4555 habebat,
3427 4478 3546 4565 qui
3593 4487 3792 4542 erant
3851 4477 4042 4544 aurei
4104 4477 4613 4567 quinquaginta

888 4588 1101 4667 mille,
1148 4590 1372 4674 ipsum
1416 4586 1767 4672 relapsare
1812 4585 2097 4651 faceret.
2188 4582 2343 4650 Hec
2388 4584 2523 4650 fuit
2569 4584 2713 4650 eius
2755 4585 3155 4670 responsio:
3215 4587 3244 4620 “
3271 4585 3429 4671 Ego
3475 4582 3783 4651 indebite
3829 4596 4249 4663 carceratus,
4296 4603 4609 4652 sacoma-

907 4700 937 4733 “
960 4706 1162 4763 natus
1209 4705 1280 4762 et
1347 4693 1773 4780 vituperatus
1818 4691 1920 4757 fui
1968 4690 2307 4769 inmeritO,
2371 4709 2529 4756 cum
2590 4683 2865 4778 semper
2927 4688 3309 4756 laboriosus
3357 4701 3427 4757 et
3470 4689 3772 4777 vigilans
3826 4690 4079 4757 fuerim
4140 4689 4232 4760 ad
4291 4692 4606 4780 regimen

901 4808 932 4841 “
957 4814 1170 4870 status
1214 4801 1420 4867 fidele
1464 4798 1868 4866 Mediolani.
1960 4798 2114 4863 Hec
2162 4808 2318 4863 sunt
2361 4819 2648 4863 munera
2693 4809 2764 4864 et
2809 4797 3398 4864 remunerationes
3442 4795 3621 4863 mei?
3716 4796 3793 4863 Si
3838 4797 4022 4862 enim
4065 4798 4140 4863 in
4186 4797 4448 4885 aliquid
4478 4798 4606 4865 de·-

900 4913 931 4948 “
955 4908 1180 4987 liravi‚
1228 4926 1340 4973 me
1384 4904 1694 4994 puniant.
1787 4903 2124 4971 Denarios
2184 4923 2349 4970 vero
2410 4924 2620 4982 meos,
2667 4923 2842 4992 quos
2886 4916 3078 4972 tanto
3142 4923 3296 4970 com
3358 4902 3597 4971 labore
3661 4903 3964 4979 lucratus
4023 4925 4195 4984 sum,
4258 4905 4419 4971 volo
4465 4905 4605 4970 sint
4641 4910 4734 4972 40

896 5021 928 5054 “
954 5017 1249 5085 filiorum
1279 5035 1608 5081 meorum.
1685 5012 1838 5078 Deo
1871 5013 2159 5078 multum
2191 5010 2419 5078 debeo
2451 5010 2543 5078 ob
2574 5017 2838 5079 tantam
2867 5011 3008 5079 vite
3039 5030 3191 5078 mee
3222 5010 3746 5078 diuturnitatem
3764 5035 3783 5088 3
3830 5023 4123 5079 mortem
4167 5031 4311 5079 non
4352 5011 4600 5078 timeo:

901 5127 932 5162 “
956 5124 1055 5190 nil
1099 5121 1318 5211 magis
1361 5132 1526 5209 opto
1573 5140 1779 5208 quam
1822 5120 1959 5185 hac
2004 5117 2146 5183 vita
2189 5117 2469 5204 privari.
2516 5118 2697 5185 Vale
2724 5165 2786 5199 „.

1078 5230 1351 5297 Eodem
1393 5230 1529 5294 hoc
1576 5246 1811 5293 mense
1856 5223 2162 5291 octobris
2216 5223 2380 5294 1479
2414 5223 2687 5290 decimo
2719 5245 2905 5292 nono
2952 5225 3067 5294 die
3113 5226 3540 5293 reverendus
3587 5224 3910 5293 dominus
3940 5225 4305 5313 episcopus
4348 5224 4605 5291 Parme

889 5361 978 5406 ex
1022 5336 1460 5423 impositione
1507 5332 1760 5411 ducali,
1811 5351 2046 5397 coram
2093 5352 2167 5398 se
2214 5342 2286 5397 et
2330 5329 2485 5421 alijs
2545 5331 2954 5398 officialibus
3014 5331 3288 5412 Parme,
3335 5331 3412 5397 in
3457 5351 3582 5398 suo
3643 5331 3929 5419 pallatio
3984 5332 4362 5399 convocari
4423 5332 4602 5400 fecit

887 5447 1140 5513 multos
1188 5443 1376 5510 cives
1421 5443 1512 5510 de
1560 5438 1874 5507 omnibus
1918 5437 2255 5526 squadris,
2303 5437 2534 5506 silicet
2577 5439 2827 5527 viginti
2871 5460 2999 5526 pro
3044 5439 3316 5527 singula
3359 5439 3659 5526 squadra
3704 5438 3794 5505 de
3839 5437 4245 5506 melioribus
4302 5450 4374 5505 et
4431 5460 4600 5525 pru-
4651 5439 4739 5507 45

890 5549 1345 5628 dentioribus,
1392 5569 1477 5616 ac
1525 5548 1732 5615 etiam
1767 5546 1856 5612 de
1887 5545 2158 5625 infimis,
2191 5544 2540 5612 seditiosis
2570 5556 2639 5613 et
2667 5547 2848 5613 male
2880 5546 3306 5633 compositis,
3339 5565 3512 5632 quos
3558 5565 3798 5612 omnes
3842 5556 4039 5632 parte
4071 5544 4306 5611 ducali
4334 5546 4604 5613 monuit

888 5659 981 5726 ad
1025 5668 1219 5724 recte
1266 5667 1335 5723 et
1378 5656 1450 5722 in
1496 5675 1676 5741 pace
1720 5653 2113 5732 vivendum,
2161 5652 2397 5739 sicque
2443 5653 2600 5719 fore
2648 5651 2737 5720 de
2783 5663 3015 5718 mente
3061 5664 3277 5718 status
3322 5650 3746 5718 Mediolani:
3796 5651 3996 5719 aliter
4040 5651 4229 5738 quod
4275 5652 4603 5718 atrociter

889 5777 957 5833 et
999 5765 1146 5832 sine
1193 5765 1334 5830 ulla
1376 5762 1776 5830 remissione
1823 5760 2258 5849 punirentur.
2351 5760 2528 5827 Cum
2576 5773 2804 5829 autem
2849 5759 3044 5827 multi
3088 5759 3178 5826 de
3225 5756 3443 5824 tribus
3489 5758 3806 5846 squadris
3836 5758 4132 5824 maxime
4176 5779 4266 5824 ex
4314 5758 4443 5838 his,
4478 5760 4600 5848 qui

1061 6003 1109 6044 ι.
1147 5990 1313 6041 unlus
1347 6002 1415 6041 ex
1450 5985 1759 6056 capitibus]
1797 5987 1968 6039 unius
2004 5989 2064 6039 et
2098 5985 2305 6052 capltls
2339 5985 2455 6038 cod.
2492 6011 2560 6023 —
2597 5999 2684 6053 41.
2720 5981 2969 6051 tantam]
3005 5985 3124 6035 tam
3160 5983 3275 6037 cod.
