4895 7066
604 956 801 998 aar»

526 1590 683 1638 Mun..
711 1590 795 1630 282

508 5440 660 5494 Mum,
690 5441 771 5485 2⁸3

583 5661 768 5702 &28⁴1-

954 461 1051 543 28
2243 460 2722 548 CRONICA
2777 463 3363 549 GESTORUM
4106 482 4208 559 [Α
4248 486 4417 547 1478
4455 478 4671 560 lagno]

1360 609 2162 620 §ammom-›muuW-uunumm-nnomnmo-o
2457 613 2744 622 nomnmmm--
3379 614 4249 624 ...‚mnu--u--ua---v--ussmom--s--a—-o—-ssm

943 713 1141 783 vicus
1185 717 1276 784 de
1322 716 1937 807 Campofrugrosio
1983 729 2055 785 et
2100 717 2420 787 dominus
2487 718 2843 810 Johannes
2905 718 3294 789 Allovisius
3355 721 3446 788 de
3492 720 3751 798 Flisco,
3812 718 3934 807 qui
3982 721 4249 807 expulsi
4293 721 4582 787 fuerant
4624 740 4669 784 a

942 823 1296 909 quondam
1344 824 1528 891 duce
1575 823 1859 894 Galeaz.
1907 823 2256 892 Officiales
2298 847 2488 905 vero,
2534 827 2900 926 quierant
2943 827 3066 908 ibi,
3128 848 3205 893 se
3267 826 3692 894 reduxerunt
3754 836 3823 892 et
3867 826 3984 892 vix
4028 826 4222 905 salvi,
4264 826 4338 892 in
4385 824 4661 894 Castel-

950 928 1094 996 leto
1136 951 1277 997 una
1323 948 1480 997 com
1527 931 1809 999 domino
1856 933 2185 1020 episcopo
2230 931 2574 1001 Cumano'
2620 933 2768 1001 illic
2813 935 3153 1031 existente
3199 955 3327 1021 pro
3359 945 3546 1003 statu
3573 933 3988 1013 Mediolani,
4020 945 4097 1001 ut
4142 933 4387 1001 civitas
4419 934 4494 999 in
4526 932 4665 999 fide

943 1048 1355 1115 remaneret,
1402 1037 1525 1125 qui
1571 1037 1900 1105 officiales
1945 1052 2145 1108 erant
2189 1041 2284 1120 hi,
2329 1040 2698 1108 videlicet:
2763 1040 3082 1110 dominus
3143 1041 3570 1108 Nicodemus
3633 1040 3723 1106 de
3783 1038 4229 1106 Pontremulo
4287 1039 4662 1108 consocius

941 1141 1110 1210 dicti
1154 1143 1417 1210 domini
1461 1142 1791 1232 Prosperi
1836 1167 1925 1212 ex
1969 1145 2334 1214 ducalibus
2384 1147 2798 1237 consiliarijs
2841 1148 3131 1215 secretis
3177 1148 3405 1215 eidem
3453 1146 3845 1224 adiunctus,
3891 1158 3968 1212 ut
4029 1146 4219 1213 cives
4268 1147 4665 1235 januenses
4759 1146 4804 1208 5

944 1248 1018 1314 in
1064 1268 1242 1336 pace
1286 1250 1531 1317 melius
1574 1264 2038 1331 remanerent,
2083 1270 2379 1340 quorum
2410 1252 2611 1320 multi
2645 1265 2844 1321 erant
2874 1275 2963 1320 ex
2993 1252 3604 1340 principalioribus
3635 1253 3771 1340 ipsi
3805 1251 4092 1319 domino
4131 1250 4474 1339 Prospero
4521 1251 4663 1317 ini-

939 1357 1272 1424 micantes
1339 1369 1412 1425 et
1477 1376 1645 1446 egre
1692 1360 2003 1426 ferentes
2045 1359 2292 1446 ipsum,
2360 1373 2438 1428 ut
2506 1359 2755 1438 civem,
2799 1359 2955 1449 alijs
3001 1360 3272 1427 civibus
3315 1359 3789 1446 predominari
3803 1384 3823 1437 ;
3872 1378 3955 1425 ac
4002 1359 4212 1426 etiam
4255 1358 4356 1426 ibi
4415 1360 4668 1426 aderat

937 1483 1068 1549 pro
1113 1463 1605 1544 commissario,
1650 1476 1722 1532 et
1763 1475 2104 1552 potestate
2153 1466 2478 1534 dominus
2519 1467 2879 1555 Johannes
2923 1466 3364 1535 Calzavacha
3394 1467 3596 1532 miles
3628 1477 3698 1532 et
3744 1465 3995 1533 doctor
4036 1464 4455 1546 Parmensis,
4485 1487 4670 1531 unus

940 1590 1029 1636 ex
1072 1562 1563 1638 sacomanatis'
1596 1571 1685 1638 de
1716 1572 2019 1660 squadra
2062 1572 2315 1640 Rubea
2359 1586 2431 1641 et
2477 1573 2596 1661 qui
2642 1573 2886 1659 paucis
2918 1573 3169 1640 diebus
3199 1585 3359 1641 ante
3393 1573 3575 1640 hanc
3608 1574 4031 1659 insperatam
4063 1573 4461 1652 novitatem,
4493 1572 4666 1638 dum

940 1699 1081 1742 una
1126 1698 1262 1743 con
1309 1677 1503 1745 dicto
1551 1677 1833 1745 domino
1879 1675 2223 1766 Prospero
2271 1680 2703 1766 spaciaretur
2744 1699 2875 1766 per
2916 1679 3182 1760 urbem,
3229 1679 3692 1747 clamantibus
3734 1679 3992 1758 multis,
4037 1691 4114 1747 ut
4183 1692 4289 1747 est
4330 1680 4543 1747 moris
4589 1679 4663 1743 in
4723 1679 4808 1742 10

942 1782 1227 1850 civitate
1272 1782 1418 1850 illa:
1496 1786 1532 1820 ⁴¹
1554 1782 1774 1863 Duca,
1821 1784 2003 1852 duca
2026 1833 2088 1866 „,
2152 1785 2290 1851 duo
2350 1785 2534 1852 villis
2592 1797 2848 1853 tamem
2912 1786 3334 1855 conditionis
3396 1787 3871 1853 clamaverunt
3941 1790 3976 1822 “
3997 1783 4319 1865 Adurno‚
4363 1782 4663 1851 Adurno

936 1910 1145 1957 senza
1168 1888 1237 1956 la
1258 1889 1517 1972 bissa„
1543 1892 1732 1979 quod
1754 1903 1904 1958 erat
1926 1892 2200 1959 dicere:
2226 1893 2347 1960 fiat
2376 1893 2695 1960 dominus
2718 1893 3022 1981 Prosper
3044 1894 3187 1960 dux
3208 1894 3451 1981 Janue,
3479 1893 3768 1979 expulso
3795 1893 3979 1960 duce
4008 1891 4436 1959 Mediolani:
4470 1891 4664 1979 quod

946 1998 1237 2064 audiens
1267 1998 1496 2065 dictus
1527 1998 1847 2066 dominus
1876 2000 2231 2088 Johannes
2274 1998 2737 2079 Calzavacha,
2769 2000 2898 2068 hos
2931 2002 3108 2068 duos
3140 2001 3446 2087 appendi
3492 2000 3668 2067 fecit
3698 2000 3791 2066 ad
3821 1999 4185 2087 pallatium
4214 2021 4345 2086 per
4372 1998 4659 2088 gullam.

1113 2106 1332 2174 Facta
1377 2105 1566 2173 dicta
1607 2105 1967 2174 invasione
2015 2118 2086 2174 et
2131 2106 2594 2194 occupatione
2639 2106 2830 2174 urbis
2876 2108 3125 2196 Janue,
3172 2119 3251 2173 ut
3308 2107 3684 2195 prefertur,
3745 2119 3989 2195 postea
4052 2107 4143 2173 de
4201 2127 4434 2172 mense
4482 2105 4658 2196 jullij

935 2224 1181 2300 sequto
1229 2210 1401 2279 dicti
1448 2211 1612 2278 anni
1667 2211 1832 2284 1478
1882 2213 2200 2280 dominus
2244 2213 2604 2281 Robertus
2650 2234 2738 2281 ex
2783 2213 3042 2282 Sancto
3089 2214 3451 2295 Severino,
3499 2214 3618 2302 qui
3660 2213 3735 2279 in
3781 2212 4065 2280 civitate
4096 2210 4254 2279 Asti
4296 2213 4543 2280 aderat
4590 2223 4661 2277 et
4717 2210 4798 2275 15

934 2316 1165 2384 multis
1209 2319 1559 2386 mensibus
1599 2318 1863 2388 ibidem
1910 2321 2285 2398 resederat,
2330 2332 2409 2387 ut
2454 2322 2836 2411 armigeros
2879 2322 2972 2388 ad
3017 2342 3143 2388 sua
3186 2321 3540 2408 stipendia
3579 2321 4029 2400 conduceret,
4061 2320 4299 2388 audita
4340 2318 4657 2385 novitate

931 2424 1179 2513 Janue,
1225 2426 1317 2493 ad
1363 2426 1500 2494 hoc
1544 2446 1912 2514 persuasus
1958 2447 2001 2492 a
2047 2426 2238 2495 dicto
2284 2427 2567 2495 domino
2613 2426 2964 2515 Prospero
3008 2418 3326 2507 Adurn0,
3374 2428 3557 2494 clam
3600 2438 3671 2494 et
3717 2428 3947 2495 noctis
3992 2438 4310 2513 tempore
4342 2448 4430 2493 ex
4461 2425 4657 2492 dicta

939 2533 1217 2600 civitate
1262 2530 1422 2600 Asti
1470 2534 1790 2602 discessit
1834 2553 1992 2602 com
2037 2533 2387 2622 peditibus
2417 2545 2693 2602 centum
2725 2534 2839 2602 vel
2871 2535 3064 2602 circa
3093 2547 3164 2602 et
3193 2535 3486 2623 Januam
3515 2546 3619 2602 est
3650 2535 4016 2623 ingressus,
4046 2546 4125 2601 ut
4154 2533 4656 2600 cohadiuvaret

934 2640 1196 2706 dictum
1243 2640 1597 2707 dominum
1641 2638 2054 2729 Prosperum
2101 2652 2169 2709 et
2214 2640 2603 2722 consocioS,
2635 2654 3064 2729 noceretque
3095 2642 3300 2709 statui
3329 2641 3721 2709 Mediolani
3754 2641 3888 2708 sibi
3920 2639 4204 2707 infesto·
4293 2638 4414 2706 Ad
4444 2660 4657 2726 quam

935 2746 1291 2814 civitatem
1341 2746 1565 2835 Janue
1613 2748 2137 2816 defendendam
2185 2760 2255 2815 et
2299 2767 2430 2834 pro
2478 2758 2656 2815 statu
2701 2748 3091 2816 Mediolani
3135 2748 3592 2827 retinendam,
3639 2746 3842 2814 misse
3889 2760 4050 2815 sunt
4107 2746 4654 2814 innumerabiles
4699 2748 4794 2811 20

937 2873 1238 2941 persone
1282 2876 1370 2921 ex
1414 2867 1564 2923 toto
1613 2854 1923 2921 dominio
1969 2855 2206 2923 ducali
2255 2856 2437 2922 forte
2487 2856 2579 2922 ad
2626 2876 2983 2922 numerum
3045 2876 3496 2942 personarum
3558 2855 3805 2942 viginti
3865 2854 4175 2933 millium,
4238 2853 4418 2920 inter
4479 2873 4655 2941 quas

928 2959 1369 3049 aderatsstota
1412 2961 1683 3029 familia
1729 2961 2019 3042 ducalis,
2066 2981 2153 3027 ac
2197 2961 2393 3029 multi
2464 2961 2795 3042 Sevizari,
2842 2961 3092 3049 quibus
3157 2962 3231 3026 hi
3299 2962 3502 3028 fuere
3568 2960 3894 3048 prefecti,
3963 2981 4200 3027 comes
4266 2960 4515 3026 Petrus
4560 2960 4653 3026 de

934 3066 1216 3149 Verme,
1266 3068 1549 3136 Sforcia
1593 3068 1948 3148 naturalis,
1994 3068 2314 3135 dominus
2358 3067 2610 3136 Petrus
2655 3069 3068 3137 Franciscus
3114 3068 3554 3148 Vicecomes,
3603 3088 3838 3135 comes
3882 3065 4165 3134 Borella
4224 3079 4295 3133 et
4350 3067 4651 3153 Zampe-

931 3186 1077 3241 trus
1122 3172 1522 3265 Brigamini,
1566 3194 1802 3242 secum
1848 3176 2287 3243 adducentes
2332 3174 2744 3263 spingardas
2790 3188 2860 3242 et
2904 3175 3320 3242 munitiones
3349 3175 3421 3240 in
3453 3194 3709 3264 magno
3740 3194 4052 3241 numero.
4144 3173 4225 3239 In
4270 3172 4652 3241 Castelleto

932 3294 1162 3350 autem
1209 3280 1500 3348 aderant
1545 3282 1635 3349 ad
1683 3282 2163 3350 defensionem
2209 3304 2338 3369 pro
2383 3294 2566 3349 statu
2612 3278 3004 3348 Mediolani
3050 3282 3358 3348 sexcenti
3403 3280 3854 3368 provisionati
3898 3281 4157 3367 optime
4201 3280 4470 3346 armati.
4697 3280 4787 3344 25

1132 3387 1345 3456 Circa
1408 3387 1828 3475 principium
1877 3389 2047 3455 dicti
2114 3389 2369 3456 mensis
2426 3389 2600 3480 jullij
2676 3389 2998 3456 dominus
3057 3387 3487 3478 gubernator
3545 3387 3794 3454 Parme
3838 3387 4087 3455 videns
4130 3386 4510 3454 muraleam
4556 3385 4649 3452 ab

925 3494 1211 3583 antiquo
1258 3496 1519 3563 factam
1568 3495 1830 3564 circum
1878 3495 2070 3564 circa
2112 3496 2412 3585 plateam
2460 3495 2844 3564 communis
2889 3496 3138 3563 Parme
3185 3514 3334 3563 esse
3379 3495 3455 3561 in
3500 3495 3731 3562 multis
3777 3494 3950 3563 locis
3978 3494 4380 3582 dirruptam,
4413 3492 4651 3560 ruino-

924 3623 1071 3669 sam
1121 3615 1191 3671 et
1233 3616 1563 3683 veterem,
1610 3623 1693 3669 ac
1740 3614 1978 3691 portas
2020 3603 2333 3669 eiusdem
2379 3603 2731 3691 dirruptas
2761 3615 2829 3670 et
2860 3623 3002 3670 non
3048 3622 3251 3689 posse
3296 3602 3614 3683 reserari,
3646 3601 4181 3691 intelligensque
4213 3601 4406 3690 quod
4437 3601 4510 3666 in
4541 3613 4653 3667 tu-

935 3709 1263 3777 multibus
1308 3708 1482 3778 ortis
1526 3710 1865 3776 hactenus
1904 3708 1985 3775 in
2030 3709 2283 3777 Parma
2327 3731 2605 3797 semper
2648 3710 2885 3796 platea
2926 3708 3079 3795 ipsa
3124 3709 3539 3795 capiebatur
3568 3720 3639 3776 et
3671 3708 3956 3795 capiens
3986 3708 4212 3774 victor
4243 3706 4652 3775 remanebat

925 3829 995 3884 et
1030 3827 1113 3883 ut
1161 3816 1486 3885 officiales
1529 3814 1717 3881 intra
1761 3836 1915 3882 eam
1962 3815 2334 3884 existentes
2380 3828 2452 3884 et
2497 3814 2704 3883 amici
2748 3826 2965 3883 status
3009 3815 3084 3881 in
3134 3816 3321 3882 omni
3368 3816 3671 3882 adventu
3716 3816 3953 3881 forent
3995 3814 4400 3893 securiores,
4455 3814 4649 3881 ordi·
4693 3815 4786 3878 30

927 3924 1118 3991 navit
1163 3935 1234 3991 et
1277 3924 1379 3990 sic
1425 3923 1918 4011 principiatum
1951 3923 2108 4002 fuit,
2142 3922 2364 4010 ipsam
2410 3924 2790 3989 muraleam
2837 3922 3225 4002 fortificari,
3257 3921 3522 4001 alciati,
3555 3922 3867 4009 reparari
3914 3932 3983 3988 et
4029 3933 4263 4009 portas
4292 3940 4452 3986 cum
4483 3939 4651 4007 por-

926 4031 1111 4099 tellis
1154 4031 1413 4098 feratas
1456 4029 1631 4108 fieri,
1693 4028 1875 4096 adeo
1937 4028 2128 4117 quod
2181 4029 2417 4096 claudi
2462 4040 2789 4117 poterant
2833 4041 2903 4097 et
2947 4029 3245 4095 reserari
3290 4040 3430 4096 tam
3476 4029 3565 4095 de
3612 4029 3749 4109 die,
3795 4050 4001 4117 quam
4047 4029 4140 4094 de
4186 4039 4395 4094 nocte
4439 4039 4510 4093 et
4555 4027 4648 4092 ad

922 4149 1260 4226 portonos
1305 4138 1604 4222 desuper
1647 4135 1800 4202 fieri
1843 4135 2018 4203 fecit
2061 4136 2450 4225 guardiam,
2500 4157 2588 4201 ex
2630 4156 2771 4223 qua
2814 4134 2953 4221 ipsi
3000 4135 3282 4221 portoni
3342 4145 3628 4222 possent
3687 4134 3975 4202 defendi
4034 4153 4191 4200 com
4249 4133 4651 4223 spingardis

924 4256 995 4312 et
1038 4244 1361 4323 ballistis;
1410 4244 1723 4332 fecitque
1770 4243 1955 4309 ultra
1997 4253 2280 4330 pontem
2327 4242 2397 4308 in
2462 4240 2713 4329 Capite
2771 4242 3017 4309 Pontis
3084 4262 3304 4329 prope
3372 4241 3629 4308 flumen
3696 4240 3947 4306 Parme
4010 4260 4278 4306 murum
4337 4251 4647 4306 veterem

922 4352 1195 4419 bassum
1240 4364 1311 4419 et
1356 4352 1432 4417 in
1477 4363 1791 4438 tempore
1837 4349 2190 4417 sacomani
2234 4348 2641 4416 Rubeorum
2702 4369 2833 4435 pro
2890 4360 3089 4442 parte
3150 4348 3559 4416 demolitum
3619 4346 4086 4425 rehedificari‚
4147 4345 4514 4412 fortificari
4573 4359 4645 4411 et
4691 4343 4778 4410 35

921 4457 1163 4526 alciari
1206 4475 1338 4546 pro
1381 4457 1679 4525 tuitione
1724 4455 2045 4542 civitatis.
2137 4456 2229 4521 Et
2273 4456 2440 4543 quia
2486 4456 2766 4545 quando
2813 4456 3143 4522 citadella
3171 4467 3368 4523 vetus
3402 4453 3730 4522 de‘Porta
3759 4454 3966 4521 Nova
3996 4473 4153 4520 com
4185 4454 4299 4517 via
4328 4463 4644 4539 coperta‚

920 4585 1060 4655 qua
1101 4565 1338 4632 ibatur
1380 4565 1471 4631 ad
1513 4563 1811 4652 primum
1857 4575 2144 4650 pontem
2189 4574 2657 4630 transeuntem
2719 4562 2791 4628 in
2853 4562 3105 4649 Capite
3151 4561 3415 4641 Pontis,
3476 4572 3664 4628 tures
3725 4560 3897 4626 dicti
3958 4559 4188 4646 pontis
4240 4557 4641 4636 fortissime,

929 4695 1067 4761 que
1129 4685 1327 4739 erant
1387 4672 1611 4738 altera
1670 4672 1849 4738 citra
1907 4682 1977 4738 et
2038 4669 2256 4736 altera
2316 4671 2499 4737 ultra
2539 4669 2768 4756 ipsum
2814 4680 3125 4755 pontem,
3173 4667 3502 4735 demolite
3559 4668 3836 4734 fuerant
3896 4664 3989 4732 ob
4050 4664 4643 4732 constructionem

917 4779 1201 4847 alterius
1260 4798 1443 4846 nove
1505 4777 1801 4845 citadele
1866 4777 1934 4843 in
1992 4775 2234 4864 Capite
2278 4776 2546 4857 Pontis,
2592 4778 2742 4863 ipse
2805 4775 3125 4845 dominus
3168 4773 3590 4862 gubernator
3633 4773 4135 4861 aliquantulum
4178 4772 4392 4860 errigi
4446 4772 4641 4848 fecit,

924 4886 1425 4975 fortificat-ique
1470 4886 1654 4973 ipsas
1698 4897 1925 4952 turres
1972 4896 2044 4950 et
2088 4884 2192 4950 eis
2235 4898 2472 4971 portas
2515 4884 2666 4950 fieri
2715 4882 3113 4962 clausor-ias,
3158 4882 3252 4949 ad
3296 4882 3433 4949 hoc
3479 4903 3569 4947 ne
3615 4880 3686 4946 in
3732 4892 4042 4967 tempore
4090 4879 4502 4947 tumultuum
4534 4878 4638 4944 illi
4689 4881 4775 4943 40

917 4993 1009 5061 de
1054 4994 1301 5081 Capite
1346 4992 1613 5073 Pontis,
1658 4991 1989 5079 baptizati
2046 4990 2155 5056 “li
2203 4990 2516 5060 Sevizari
2542 5038 2572 5072 „
2627 5001 2912 5077 possent
2956 4990 3132 5057 citra
3173 4988 3395 5075 ipsum
3440 5000 3725 5075 pontem
3769 4986 4098 5053 transire:
4155 5006 4294 5074 que
4353 4985 4640 5073 quidem

913 5100 1266 5181 hedificia,
1311 5112 1685 5188 antequam
1731 5099 2198 5186 explerentur,
2247 5098 2670 5164 duraverunt
2701 5096 2778 5161 in
2811 5117 3051 5163 eorum
3097 5096 3612 5163 constructione
3644 5117 3686 5161 a
3717 5094 3912 5162 dicto
3941 5114 4180 5161 meuse
4206 5091 4383 5183 jullij
4417 5110 4639 5180 usque

919 5210 1013 5275 ad
1045 5199 1320 5275 Nata‘sse
1348 5208 1603 5275 exinde
1648 5218 1984 5294 sequtum.
2073 5202 2295 5283 Quod
2338 5203 2624 5292 quidem
2670 5224 2933 5270 summe
2980 5202 3334 5289 displicuit
3378 5200 3603 5268 tribus
3632 5200 3982 5289 squadris3
4013 5211 4085 5267 et
4115 5218 4324 5287 super
4352 5219 4437 5266 ea
4467 5217 4640 5265 con-

916 5314 1303 5383 structione
1347 5312 1662 5401 deputati
1708 5324 1868 5380 sunt
1913 5323 2206 5401 quatuor
2251 5311 2463 5391 cives,
2508 5330 2685 5377 unus
2729 5331 2859 5398 pro
2905 5308 3179 5397 singula
3221 5309 3543 5396 squadra,
3590 5328 3720 5374 nec
3766 5330 3909 5376 non
3955 5307 4280 5375 dominus
4322 5305 4637 5373 Zaninus

919 5420 1285 5490 Barbatus'
1329 5421 1646 5489 officialis
1713 5419 2146 5498 bulletarum,
2193 5419 2399 5486 homo
2444 5417 2774 5496 solicitus,
2820 5430 2891 5485 et
2944 5435 3252 5504 expensa
3312 5417 3505 5483 facta
3550 5415 3684 5481 fuit
3730 5416 3822 5482 de
3866 5415 4175 5506 denarijs
4227 5413 4634 5492 communis,
4684 5412 4765 5478 45

921 5527 1181 5598 exactis
1223 5551 1353 5617 per
1396 5528 1658 5596 dictum
1703 5525 2067 5593 officialem
2112 5546 2155 5591 a
2200 5524 2629 5594 debitoribus
2673 5523 3050 5605 veteribus,
3096 5522 3525 5611 retrogradis
3569 5532 3641 5588 et
3685 5516 4085 5589 difficilibus
4129 5522 4203 5587 in
4249 5522 4618 5611 exigendo.

1095 5635 1360 5704 Eodem
1407 5653 1591 5703 anno
1645 5633 1810 5706 1478
1854 5633 1972 5700 die
2017 5632 2393 5720 penultimo
2439 5631 2641 5723 jullij‚
2704 5630 3020 5699 dominus
3077 5628 3382 5719 Jacobus
3434 5628 3842 5697 Bonarellus
3902 5626 4327 5717 gubernator
4382 5627 4636 5694 Parme

917 5754 1271 5832 protector
1312 5746 1647 5835 justorum
1694 5760 1780 5806 ac
1826 5759 2200 5828 oppressor
2242 5738 2628 5818 mallorum,
2673 5751 2834 5805 cum
2900 5738 3090 5804 facta
3158 5735 3406 5803 fuisset
3451 5736 3649 5803 crida
3693 5735 3770 5801 in
3816 5746 3967 5803 toto
4013 5734 4324 5801 dominio
4370 5733 4632 5811 ducali,

921 5852 1113 5941 quod
1156 5851 1384 5918 nullus
1426 5849 1719 5916 auderet
1762 5848 2184 5938 stipendium
2251 5867 2599 5913 assumere
2668 5857 2867 5913 extra
2925 5843 3308 5910 dominium
3377 5842 3650 5922 ducale,
3696 5842 4216 5930 invenissetque
4262 5840 4632 5929 quemdam

915 5959 1331 6048 armigerum
1376 5958 1472 6026 de
1512 5956 1798 6025 casulla
1836 5956 1931 6022 de
1974 5954 2280 6043 squadra
2336 5952 2765 6021 Pallavicina
2825 5952 3253 6040 stipendium
3319 5950 3674 6037 accepisse
3737 5969 3786 6016 a
3851 5949 4138 6016 domino
4181 5947 4503 6017 Roberto
4547 5968 4636 6014 ex
4680 5948 4766 6015 50
