4895 7066
487 1888 641 1940 Mun„
671 1887 749 1929 301

580 2110 769 2152 aar

573 4356 764 4399 &45⁴0

495 5856 652 5908 Μαι..
680 5851 763 5901 ³⁰2

915 430 1013 506 42
1145 391 1160 402 ’
2206 378 2684 507 cnoch
2741 422 3326 508 GEsToRUM
4029 401 4139 516 ts.
4177 447 4345 503 ιω
4383 440 4622 518 mm]

1082 695 1317 765 Prima
1361 695 1481 763 die
1525 694 1770 785 marcij
1820 693 1997 763 dicti
2042 695 2210 761 anni
2262 693 2427 768 1479
2475 696 2880 786 magnificus
2922 697 3240 763 dominus
3282 695 3713 786 gubernator
3755 694 4009 763 Parme
4068 694 4142 762 in
4199 696 4619 765 executione

908 802 1287 872 litterarum
1334 801 1686 872 ducalium
1730 800 1860 868 sub
1904 821 2246 888 campana
2289 802 2673 869 communis
2717 802 2794 868 in
2838 802 3088 889 plateis
3118 822 3275 868 cum
3306 813 3603 889 quatuor
3633 799 3820 869 tubis
3847 801 4195 888 publicari
4239 803 4416 871 fecit
4461 823 4619 889 pre-

906 909 1300 976 nominatos
1345 907 1697 976 dominum
1744 905 2206 987 Ludovicum,
2251 928 2336 975 ac
2384 908 2637 974 ducem
2666 907 2869 974 Barri
2899 907 2975 974 in
3020 906 3321 976 rebelles
3353 918 3423 974 et
3452 906 3772 994 publicos
3811 906 4133 974 inimicos
4178 908 4620 993 dominorum

915 1017 1174 1084 ducum
1217 1014 1604 1083 Mediolani
1634 1024 1773 1080 tam
1804 1024 2095 1100 propter
2136 1014 2533 1080 machinata
2576 1036 2705 1101 per
2750 1034 2870 1081 eos
2915 1034 3099 1081 anno
3147 1033 3351 1080 curso
3403 1011 3567 1085 1477
3617 1023 3865 1080 contra
3907 1025 4161 1081 statum
4187 1014 4616 1094 <Mediolani

909 1144 1117 1210 quam
1163 1121 1256 1189 ob
1302 1120 1613 1189 confines
1657 1120 1922 1187 fractos
1950 1131 2020 1188 et
2052 1120 2568 1211 colligationem
2601 1142 2729 1207 per
2761 1119 3043 1188 eosdem
3075 1120 3338 1187 factam
3368 1138 3523 1187 com
3555 1120 3841 1187 domino
3872 1119 4190 1188 Roberto
4221 1141 4310 1186 ex
4357 1121 4620 1188 Sancto
4727 1120 4770 1186 5

914 1224 1268 1296 Severino.
1356 1225 1908 1314 Mandatumque
1940 1225 2079 1294 fuit
2106 1226 2651 1315 quibuscomque
2683 1227 3048 1294 ducalibus
3080 1224 3513 1314 feudatariis,
3544 1245 3891 1294 armorum
3923 1226 4350 1309 ductoribus,
4382 1248 4472 1295 ac
4500 1228 4622 1294 sti-

909 1333 1295 1424 pendiariis
1339 1331 1699 1401 ducalibus
1759 1331 1885 1399 sub
1945 1354 2131 1420 pena
2190 1331 2610 1413 rebellionis,
2671 1335 2864 1421 quod
2923 1354 3063 1401 non
3123 1333 3424 1401 audeant
3466 1353 3622 1401 com
3678 1333 3778 1400 eis
3837 1332 4249 1419 practicare,
4309 1346 4430 1401 aut
4487 1334 4622 1399 illis

908 1440 1260 1519 auxilium,
1307 1439 1691 1535 consilium,
1751 1441 1864 1507 vel
1926 1439 2241 1506 favorem
2298 1451 2636 1526 prestare,
2684 1440 3010 1526 quodque
3054 1438 3307 1529 singuli
3354 1439 3442 1506 de
3487 1439 3794 1506 dominio
3840 1437 4076 1505 ducali
4121 1459 4277 1507 com
4323 1440 4428 1506 eis
4477 1440 4622 1507 exi·

910 1558 1166 1613 stentes
1209 1546 1336 1614 sub
1380 1546 1739 1613 antedicta
1781 1566 1965 1633 pena
2011 1543 2312 1614 debeant
2354 1545 2545 1612 infra
2588 1545 2990 1634 quindecim
3024 1545 3175 1612 dies
3204 1544 3560 1632 proximos
3603 1544 3944 1612 accedere
3993 1545 4084 1610 ad
4127 1545 4621 1613 illustrissimos

918 1652 1237 1720 dominos
1282 1662 1575 1731 nostros,
1621 1650 1914 1718 liberam
1958 1651 2251 1741 gratiam
2284 1650 2376 1718 ob
2404 1652 2737 1738 preterita
2764 1653 3136 1738 recepturi,
3182 1671 3268 1719 ac
3312 1651 3384 1717 in
3429 1650 3730 1738 proprijs
3758 1650 4019 1719 laribus
4072 1653 4393 1718 mansuri.
4473 1652 4623 1732 Qui
4682 1654 4773 1717 10

907 1771 1136 1827 autem
1181 1757 1664 1827 inobedientes
1717 1758 2000 1837 fuerint,
2048 1777 2267 1843 penas
2296 1758 2502 1825 dicte
2549 1758 3114 1845 proclamationis
3157 1769 3228 1826 et
3272 1758 3707 1825 decretorum
3755 1758 4103 1826 ducalium
4149 1759 4492 1837 incurant,
4538 1780 4625 1826 ac

904 1878 1313 1933 censeantur
1355 1883 1487 1952 pro
1533 1863 1880 1932 rebelibus
1925 1877 1998 1933 et
2041 1864 2347 1933 inimicis
2391 1864 2665 1932 ducalis
2707 1876 2942 1932 status.
3035 1864 3263 1951 Super
3308 1865 3560 1952 quibus
3604 1865 3926 1932 omnibus
3972 1864 4159 1935 data'
4205 1865 4342 1934 fuit
4384 1865 4620 1952 ampla

908 1972 1283 2039 auctoritas
1328 1971 1690 2038 ducalibus
1735 1969 2219 2059 commissarijs
2264 1982 2335 2039 et
2380 1971 2785 2039 officialibus
2830 1971 3227 2060 exequendi
3271 1973 3630 2057 proclama
3672 1972 4084 2059 predictum.

1094 2079 1363 2148 Eodem
1407 2081 1548 2145 hoc
1593 2098 1775 2145 anno
1829 2075 1995 2150 1479
2043 2091 2236 2146 sexto
2280 2058 2522 2166 mar'cij
2572 2076 2664 2146 de
2706 2079 3036 2146 mandato
3070 2078 3305 2145 ducali
3347 2077 3442 2145 ob
3486 2078 3831 2146 novitates
3875 2078 4047 2146 alias
4076 2080 4303 2147 iactas
4331 2099 4460 2166 per
4490 2078 4620 2146 ho-

910 2188 1133 2253 mines
1179 2185 1494 2264 Scurani,
1542 2184 1661 2272 qui
1709 2183 1923 2254 solliti
1968 2196 2126 2251 sunt
2169 2184 2454 2252 subesse
2501 2183 2851 2252 nobilibus
2883 2185 2972 2253 de
3001 2185 3324 2275 Corrigia
3367 2197 3439 2252 et
3484 2185 3602 2274 qui
3647 2187 3818 2254 alias
3862 2207 4149 2275 guerras
4195 2199 4267 2254 et
4310 2186 4622 2254 corerias
4678 2186 4762 2251 15

909 2294 1231 2361 fecerunt
1276 2303 1519 2359 contra
1563 2290 1917 2360 civitatem
1960 2290 2234 2371 Parme,
2280 2291 2454 2365 licet
2497 2291 2693 2360 locus
2735 2291 2886 2377 ipse
2934 2290 3230 2359 Scurani
3274 2304 3629 2359 teneretur
3656 2312 3785 2378 pro
3830 2303 4012 2360 statu
4047 2292 4457 2371 Mediolani,
4491 2294 4623 2360 du·

907 2399 1173 2468 bitante
1220 2399 1311 2466 de
1352 2399 1488 2465 fide
1531 2398 1840 2485 ipsorum
1883 2398 2262 2477 hominum,
2308 2398 2711 2465 mandatum
2755 2397 2890 2464 fuit
2932 2411 3190 2466 turrem
3235 2397 3434 2465 vallis
3500 2399 3800 2467 Scurani
3864 2400 4309 2467 fortissimam
4377 2401 4626 2467 demo·

906 2507 1019 2573 liri
1064 2517 1135 2574 et
1178 2506 1491 2573 fonditus
1538 2505 1948 2583 erradicari3
1999 2515 2071 2572 et
2116 2505 2216 2572 sic
2265 2503 2655 2573 erradicata
2699 2504 2838 2571 fuit
2880 2504 3067 2571 infra
3111 2515 3275 2571 octo
3323 2504 3497 2573 dies.

1094 2613 1358 2681 Gentes
1403 2611 1673 2681 domini
1717 2611 2015 2679 Roberti
2058 2622 2128 2679 et
2175 2611 2661 2679 consociorum
2708 2610 3150 2678 existentium
3195 2610 3273 2677 in
3315 2611 3708 2694 Lunesana,
3756 2635 3893 2701 que
3939 2613 4142 2680 simul
4184 2613 4376 2681 unite
4422 2625 4626 2681 erant

910 2722 1006 2788 ad
1050 2739 1410 2787 numerum
1455 2719 1742 2793 circiter
1787 2718 2097 2808 quinque
2141 2718 2405 2784 milium
2450 2739 2923 2804 pemonm,
2969 2738 3110 2784 non
3154 2717 3491 2786 habentes
3538 2719 3923 2800 victualias,
3986 2731 4317 2789 curerunt
4359 2722 4457 2787 ad
4501 2740 4624 2786 ca·
4675 2723 4766 2786 20

906 2839 1121 2895 strum
1165 2826 1463 2907 Bullani,
1509 2825 1882 2893 credentes
1912 2825 2084 2892 illud
2116 2835 2380 2892 armata
2408 2846 2618 2891 manu
2664 2844 3013 2911 occupare
3043 2837 3111 2891 et
3144 2825 3569 2913 depopulare
3600 2837 3671 2893 et
3713 2827 3792 2893 in
3837 2848 3976 2917 quo
4020 2828 4316 2895 aderant
4359 2828 4456 2894 ad
4499 2850 4626 2895 cu·

911 2935 1207 3002 stodiam
1250 2954 1379 3021 pro
1425 2944 1606 3002 statu
1650 2931 1884 3000 ducali
1928 2933 2201 3019 pedites
2245 2932 2578 3011 trecenti;
2626 2932 2747 3019 qui
2791 2953 2950 2999 cum
2995 2932 3329 3000 vidissent
3371 2932 3690 3002 inimicos
3748 2935 3842 3001 ad
3901 2936 4132 3003 menia
4188 2935 4624 3022 propinquos

907 3043 1285 3119 exiverunt,
1333 3039 1790 3127 quammultos
1833 3040 2290 3118 trucidarunt,
2336 3039 2787 3106 vulnerarunt
2829 3051 2900 3106 et
2944 3050 3281 3125 ceperunt
3332 3040 3455 3128 qui
3519 3059 3761 3108 omnes
3820 3041 4019 3108 fuere
4079 3041 4277 3108 circa
4337 3053 4619 3108 centum

907 3146 1390 3236 quadraginta.
1482 3146 1680 3216 Unus
1723 3146 1967 3213 valens
2009 3146 2454 3235 squadrerius
2500 3145 2764 3214 domini
2808 3143 3107 3215 Roberti
3151 3144 3243 3214 ab
3284 3168 3426 3213 una
3469 3146 3849 3235 spingarda
3876 3148 4273 3235 perforatus
4302 3148 4520 3217 vitam
4550 3149 4623 3214 in

906 3254 1192 3322 instanti
1236 3253 1516 3327 amissit.
1604 3252 1944 3321 Dominus
1986 3253 2341 3333 obiectus,
2388 3252 2511 3341 qui
2554 3253 2628 3319 in
2671 3253 2806 3341 hoc
2854 3252 3076 3339 prelio
3108 3264 3179 3321 et
3220 3253 3480 3322 insultu
3523 3265 3832 3335 venerat,
3878 3255 3999 3321 vix
4043 3255 4282 3322 evasit.
4374 3257 4472 3322 Et
4499 3255 4621 3323 hic
4673 3254 4758 3320 25

909 3361 1042 3428 fuit
1086 3361 1428 3428 secundus
1473 3359 1739 3427 domini
1797 3358 2099 3428 Roberti
2159 3359 2540 3439 conflictus,
2585 3358 2801 3425 multa
2853 3358 3210 3427 deteriora
3252 3360 3707 3446 expectantis,
3750 3372 4124 3449 antequam
4184 3373 4423 3449 partes
4480 3361 4623 3428 Lu-

914 3487 1164 3536 nenses
1205 3466 1516 3556 effugiat.

1082 3575 1216 3643 Die
1262 3593 1448 3643 nono
1494 3573 1741 3665 mar-cij
1797 3572 1966 3644 1479
2012 3595 2189 3641 unus
2231 3574 2675 3664 squadrerius
2701 3595 3051 3644 armorum
3081 3576 3584 3656 Cremonensis,
3615 3576 3739 3663 qui
3771 3575 3945 3644 alias
3986 3577 4220 3644 fuerat
4265 3577 4357 3643 de
4406 3578 4623 3646 comi-

914 3681 1057 3752 tiva
1101 3682 1365 3750 domini
1396 3681 1701 3751 Roberti
1746 3694 1818 3750 et
1863 3681 2146 3768 quidam
2189 3683 2337 3750 eius
2383 3682 2752 3750 consocius
2799 3683 3005 3751 etiam
3051 3682 3540 3752 Cremonensis
3583 3694 3654 3749 et
3698 3683 3903 3750 ambo
3948 3683 4117 3752 boni
4162 3684 4355 3752 cives
4399 3698 4474 3754 et
4516 3686 4622 3773 gi-

912 3789 1158 3858 bellini
1203 3802 1275 3860 et
1317 3788 1439 3878 qui
1483 3788 1698 3857 verba
1742 3789 2130 3857 habuerant
2173 3810 2328 3857 com
2372 3801 2714 3877 potestate
2762 3787 2954 3859 dicte
3018 3790 3340 3871 civitatis,
3397 3792 3763 3879 ipsumque
3811 3790 3881 3858 in
3927 3791 4212 3878 pallatio
4257 3792 4624 3859 voluerant
4669 3793 4758 3857 30

907 3896 1301 3965 interficere
1333 3894 1425 3964 ob
1456 3896 1995 3984 detemptionem
2029 3896 2383 3963 cuiusdam
2416 3895 2705 3987 ragacij,
2735 3897 2810 3963 in
2838 3897 3252 3990 executione
3284 3896 3635 3966 ducalium
3658 3897 4043 3965 litterarum
4073 3898 4300 3966 furcis
4331 3898 4626 3986 appensi

911 4014 1072 4071 sunt
1116 4023 1337 4091 prope
1385 4015 1685 4072 castrum
1733 4004 1928 4071 dicte
1974 4003 2301 4072 civitatis.

1086 4112 1294 4179 Dicta
1340 4112 1457 4179 die
1501 4110 1823 4178 dominus
1864 4110 2220 4179 Robertus
2267 4131 2421 4179 com
2469 4111 2753 4180 domino
2795 4110 3165 4179 Ludovico
3211 4122 3282 4179 et
3325 4112 3506 4180 duce
3558 4110 3777 4193 Barri,
3823 4112 4251 4180 intraverunt
4294 4134 4486 4180 mare
4528 4114 4625 4179 ad

913 4219 1265 4307 Spediam,
1313 4238 1448 4286 nec
1492 4218 1708 4285 scitur
1752 4237 1890 4306 quo
1936 4217 2068 4285 iter
2112 4217 2403 4286 tendant
2446 4239 2605 4284 cum
2652 4217 2973 4307 gentibus
3016 4220 3176 4287 suis.

1094 4327 1256 4407 Quo
1288 4326 1572 4396 domino
1617 4324 1934 4394 Roberto
1964 4343 2241 4393 recesso
2286 4346 2374 4392 ex
2415 4324 2732 4411 partibus
2773 4325 3236 4407 Lunensibus,
3282 4326 3601 4395 dominus
3645 4327 3880 4396 Guido
3926 4328 4018 4394 de
4062 4327 4328 4396 Rubeis
4374 4339 4446 4395 et
4492 4329 4623 4395 do-
4669 4327 4756 4393 35

916 4434 1141 4502 minus
1167 4435 1525 4523 Johannes
1552 4450 1786 4500 comes
1815 4451 1972 4499 com
2002 4432 2318 4521 gentibus
2365 4431 2752 4512 ducalibus,
2802 4454 2973 4521 quas
3002 4430 3352 4500 habebant
3380 4434 3832 4514 Pontremuli,
3864 4436 4137 4502 iverunt
4179 4436 4273 4502 ad
4316 4446 4623 4502 castrum

911 4542 1100 4610 Ville
1162 4541 1446 4610 domine
1492 4538 1962 4619 Theodorine,
2010 4539 2199 4628 quod
2242 4539 2471 4627 pridie
2516 4539 2827 4607 habitum
2874 4541 3104 4607 fuerat
3150 4561 3278 4628 per
3322 4542 3676 4608 dominum
3721 4541 4109 4624 Robertum
4154 4543 4247 4610 de
4290 4542 4504 4630 plano
4550 4554 4626 4610 et

915 4669 1069 4717 com
1115 4648 1560 4735 beneplacito
1591 4647 1951 4716 hominum
1982 4646 2158 4715 dicti
2189 4647 2397 4714 castri
2409 4672 2429 4726 3
2453 4636 2826 4736 ipsumque
2874 4658 3178 4714 castrum
3225 4647 3650 4716 obsederunt
3681 4653 3753 4716 et
3781 4670 3937 4717 com
3966 4648 4368 4718 bombardis
4412 4650 4622 4716 turim

910 4756 1090 4823 arcis
1133 4756 1560 4824 deiecerunt.
1649 4754 1900 4821 Dictus
1942 4774 2109 4822 vero
2156 4755 2474 4822 dominus
2521 4754 2876 4823 Robertus
2919 4776 3048 4842 per
3077 4755 3443 4842 Ripariam
3474 4755 3841 4844 marisbivit
3882 4757 3954 4822 in
3999 4757 4182 4824 valle
4213 4756 4497 4845 Serchij
4547 4757 4625 4822 in

915 4862 1269 4931 territorio
1313 4861 1592 4942 Pisano,
1623 4861 1743 4929 ubi
1790 4861 2247 4929 clamdestine
2296 4862 2486 4948 cepit
2527 4862 2743 4929 multa
2786 4861 3198 4931 bestiamina
3242 4873 3313 4930 et
3358 4863 3659 4952 quodam
3702 4863 4062 4949 pallatium
4108 4864 4623 4951 archiepiscopi
4667 4867 4756 4930 40

917 4970 1181 5038 dictum
1223 4969 1499 5037 Filleto.

1083 5076 1218 5144 Die
1266 5077 1731 5145 decimonono
1790 5077 2031 5168 marcij
2095 5077 2263 5144 anni
2317 5069 2485 5149 1479
2532 5078 2854 5145 dominus
2897 5080 3043 5148 dux
3085 5080 3426 5147 Hercules
3471 5079 3798 5146 Extensis
3838 5079 4242 5166 capitaneus
4283 5080 4627 5170 generalis

909 5185 1072 5274 lige,
1118 5184 1239 5273 qui
1287 5196 1437 5251 erat
1479 5183 1713 5274 Regij,
1758 5184 2044 5253 recessit
2090 5207 2180 5251 ex
2223 5184 2462 5275 Regio
2509 5204 2666 5251 com
2711 5186 2945 5254 multis
2988 5184 3339 5272 peditibus
3383 5186 3602 5253 iturus
3647 5187 3739 5254 ad
3784 5186 4363 5255 Castrumnovum
4425 5208 4626 5254 suum

912 5293 1364 5381 Grafagnane
1409 5303 1482 5359 et
1527 5290 1782 5359 exinde
1828 5293 1900 5358 in
1945 5312 2117 5382 agro
2162 5292 2418 5360 Pisano
2463 5311 2551 5360 ex
2593 5293 2919 5380 opposito
2965 5293 3230 5361 domini
3273 5293 3592 5375 Roberti,
3638 5314 3779 5383 quo
3827 5295 4034 5361 etiam
4080 5294 4186 5361 ire
4234 5293 4450 5361 debet
4495 5296 4626 5362 do-

908 5399 1136 5465 minus
1179 5398 1531 5486 Johannes
1574 5397 1977 5465 Bentivolus
2021 5393 2495 5478 Bononiensis,
2542 5420 2616 5465 se
2654 5398 2959 5487 juncturi
3006 5420 3162 5466 com
3210 5400 3491 5468 domino
3553 5401 3879 5468 Guidone
3924 5399 4179 5468 Rubeo
4222 5411 4293 5467 et
4338 5400 4626 5467 domino
4671 5399 4753 5465 45

910 5506 1230 5594 Johanne
1275 5506 1528 5572 comite
1576 5516 1648 5571 et
1692 5503 1813 5593 qui
1857 5525 2095 5573 omnes
2141 5506 2400 5573 ducere
2447 5504 2714 5572 debent
2760 5525 2919 5572 com
2964 5505 3067 5574 eis
3109 5505 3184 5572 in
3230 5506 3475 5574 castris
3519 5506 3805 5575 circiter
3833 5520 3994 5575 octo
4037 5506 4225 5573 mille
4269 5526 4622 5593 personas.

1087 5612 1246 5679 Hoc
1290 5612 1498 5679 etiam
1545 5623 1859 5698 tempore
1905 5611 2090 5678 idem
2136 5612 2462 5680 dominus
2520 5611 2878 5680 Robertus
2938 5614 3235 5682 credens
3296 5636 3384 5680 ex
3426 5613 3805 5700 improviso
3850 5616 4109 5681 intrare
4158 5625 4460 5680 castrum
4501 5612 4625 5680 Li-

910 5720 1272 5789 berefacte
1322 5720 1907 5798 Florentinorum,
1955 5717 2200 5787 iterum
2244 5731 2478 5805 partes
2520 5718 2675 5786 illas
2719 5719 3017 5787 discutit
3061 5733 3132 5787 et
3177 5719 3392 5788 multa
3434 5720 3842 5818 Pisanorum
3886 5719 4289 5787 molendina
4330 5721 4629 5788 vastavit

917 5838 989 5894 et
1033 5828 1200 5917 igne
1244 5828 1599 5907 cremavit,
1644 5846 1774 5893 nec
1819 5826 2046 5914 potuit
2088 5825 2382 5894 dictum'
2427 5837 2730 5894 castrum
2773 5825 3113 5907 obtinere,
3160 5828 3351 5915 quod
3400 5827 3771 5895 inmediate
3817 5850 3862 5895 a
3905 5826 4326 5898 Florentinis
4383 5848 4625 5895 sucur-

918 5955 1071 6014 sum
1119 5934 1272 6002 fuit.
1364 5935 1521 6022 Ipse
1567 5954 1737 6002 vero
1784 5931 2104 6000 dominus
2162 5931 2518 6001 Robertus
2578 5934 2654 6000 in
2715 5933 2961 6002 castris
3018 5934 3160 6001 suis
3205 5953 3389 6021 pane
3448 5935 3808 6025 indigebat
3853 5946 3926 6002 et
3971 5955 4221 6004 carens
4280 5935 4622 6029 pecunijs,
4670 5933 4751 6002 50
