4895 7066
280 478 371 550 [A.
405 477 547 533 uso
579 470 785 544 aprne]
1394 458 1507 533 IN
1560 454 2077 531 PARTIBUS
2134 453 2769 529 LOMBARDIE
3830 446 3927 519 69

2829 604 2860 609 ..-
2863 603 2934 611 ..σο-α
2945 603 3082 611 >ou-..wrm
3504 601 3934 610 awmwmumffl-—m

766 610 1263 619 ..μ-..μωρ-..σηοςψῳ-ικῃηαῃ
1278 610 1369 617 ou...-
1944 607 2069 615 -00-0-0-0-
2071 606 2207 615 ”umnec--

276 733 502 794 armate
540 715 822 786 diversis
864 713 1295 781 cruciatibus
1338 713 1580 779 affecti
1628 722 1790 778 sunt
1834 712 1927 778 ob
1973 710 2287 779 dedecus
2317 719 2676 795 receptum
2722 707 2796 772 in
2839 706 3080 772 dicta
3061 726 3135 771 ιιι
3138 704 3301 773 'sula
3344 706 3560 775 Rodi.
3635 708 3929 797 Propter
4078 728 4237 779 uua„
4268 725 4347 771 ³37

279 833 442 921 quod
485 824 788 893 Turchus
830 823 979 908 ipse
1024 839 1299 888 omnem
1345 840 1541 885 suum
1588 829 1912 885 conatum
1956 814 2396 904 preparabat,
2440 825 2519 881 ut
2563 814 2822 881 dictam
2862 811 3160 879 insulam
3221 814 3549 899 potestati
3608 836 3727 881 sue
3789 815 3950 883 sub-

278 940 558 1004 mitteret.
649 929 857 996 Unde
916 945 1051 1013 per
1111 938 1325 993 totam
1371 922 1946 991 christianitatem
1993 922 2219 989 factus
2277 931 2382 987 est
2441 918 2762 1011 jubilleus
2820 918 3132 1005 superius
3183 930 3561 1000 enarratus,
3620 932 3698 988 ut
3755 921 3953 989 Rodi

280 1049 696 1112 succurratur.

209 1152 241 1219 5
428 1149 686 1215 Octavo
731 1142 998 1230 aprillis
1026 1141 1312 1230 quidam
1357 1137 1703 1206 Antonius
1750 1139 1839 1205 de
1886 1134 2320 1205 Maffonibus
2359 1134 2632 1224 juvenis
2678 1133 2979 1201 lascivus
3026 1136 3116 1204 de
3159 1135 3459 1223 squadra
3503 1136 3956 1226 Corrigiensi,

280 1260 417 1326 dum
457 1255 648 1319 risam
692 1249 983 1318 haberet
1030 1271 1187 1317 cum
1230 1247 1530 1314 Millano
1575 1244 1997 1313 conestabile
2060 1255 2260 1332 porte
2321 1242 2566 1311 Sancti
2609 1241 2983 1309 Michaelis
3034 1262 3256 1329 prope
3316 1243 3584 1311 fontem
3631 1243 3949 1335 Valdorij

278 1366 435 1431 intra
480 1358 846 1435 civitatem,
894 1356 1029 1423 fuit
1075 1376 1231 1423 com
1278 1373 1442 1421 ense
1485 1353 1717 1425 multis
1758 1351 2161 1419 vulneribus
2204 1361 2546 1418 mactatus
2591 1348 2808 1417 illico.
2901 1349 3039 1416 Hic
3085 1348 3272 1414 enim
3333 1350 3568 1419 fuerat
3625 1349 3698 1417 in
3757 1372 3959 1419 saco-

277 1489 453 1536 mano
493 1465 917 1542 Rubeorum‚
963 1460 1260 1528 maxime
1312 1459 1589 1528 abbatie
1638 1458 1878 1526 Sancti
1921 1457 2279 1546 Johannis,
2342 1467 2608 1543 patrem
2667 1465 3109 1543 percusserat
3151 1466 3224 1522 et
3268 1456 3501 1542 paullo
3561 1468 3725 1525 ante
3770 1478 3963 1525 suam

279 1574 665 1641 occisionem
711 1569 998 1637 dicebat
1041 1587 1181 1635 non
1226 1566 1444 1633 fuisse
1493 1567 1889 1633 confessum
1933 1577 2228 1652 peccata
2271 1584 2392 1629 sua
2437 1563 2578 1653 jam
2622 1562 2823 1629 annis
2867 1561 3087 1629 tribus
3133 1573 3207 1629 et
3251 1564 3405 1630 vele
3451 1563 3551 1631 sic
3598 1576 3780 1631 stare
3838 1585 3964 1631 an-

189 1686 248 1749 10
281 1682 368 1748 nis
408 1682 664 1747 decem.

425 1785 851 1854 Duodecimo
895 1782 1155 1870 aprillis
1200 1781 1378 1848 dicti
1424 1781 1587 1847 anni
1630 1779 2030 1847 Ludovicus
2074 1778 2276 1845 fillius
2306 1776 2704 1845 Sebastiani
2751 1777 2839 1844 de
2884 1776 3315 1868 Bergonzijs,
3361 1778 3537 1846 civis
3580 1779 3828 1846 Parme
3872 1781 3964 1847 de
4115 1809 4157 1844 e.
4188 1805 4249 1848 n
4277 1808 4310 1839 v

281 1895 548 1983 squadra
589 1889 1042 1979 Corrigiensi,
1075 1889 1373 1956 existens
1418 1888 1491 1953 in
1537 1886 1788 1974 plateis
1834 1885 2216 1961 communis
2258 1886 2442 1952 intra
2487 1883 2758 1952 tabulas
2801 1903 3259 1970 campsorum,
3306 1885 3664 1953 insultavit
3709 1897 3781 1953 et
3814 1906 3971 1954 com

281 2002 533 2068 cultella
572 2000 645 2065 in
692 1998 959 2065 femore
1005 1996 1340 2063 transfixit
1381 1994 1889 2063 Bernardinum
1936 1994 2024 2060 de
2071 1992 2431 2060 Cavalleto
2479 1992 2689 2058 etiam
2737 1991 2828 2058 de
2873 1990 3066 2058 dicta
3111 1992 3450 2078 squadra3
3485 1992 3579 2060 ob
3608 1995 3799 2081 quod
3828 2006 3970 2061 ter-

281 2107 623 2176 tiodecimo
671 2104 846 2172 dicti
890 2103 1146 2171 mensis
1192 2113 1391 2189 parte
1439 2100 1705 2168 domini
1751 2098 2207 2190 commissarij
2258 2109 2330 2165 et
2374 2099 2644 2165 domini
2688 2098 3051 2185 potestatis
3096 2098 3229 2166 fuit
3271 2097 3597 2167 bannitus
3642 2111 3716 2167 et
3745 2099 3976 2187 publi-

190 2216 245 2282 15
283 2226 452 2283 catus
491 2235 621 2300 pro
667 2210 958 2280 bannito
1006 2211 1235 2277 dictus
1276 2206 1679 2275 Ludovicus
1722 2203 2166 2295 Bergonzius.
2259 2207 2354 2273 Et
2398 2206 2688 2272 ulterius
2731 2206 2867 2272 fuit
2910 2206 3411 2291 proclamatum
3455 2210 3532 2273 in
3561 2207 3974 2275 executione

282 2320 597 2388 ducalium
644 2319 1054 2395 litterarum,
1100 2337 1190 2381 ne
1238 2314 1581 2402 quispiam
1629 2325 1769 2380 tam
1820 2312 2017 2393 civis,
2065 2334 2272 2401 quam
2316 2313 2629 2380 soldatus
2671 2324 2908 2400 posset
2952 2312 3071 2381 die
3119 2313 3232 2380 vel
3276 2324 3485 2381 nocte
3530 2334 3724 2381 arma
3751 2315 3980 2381 offen-

281 2427 497 2505 sibilis,
538 2425 689 2491 sive
736 2421 1209 2500 defensibilia,
1254 2422 1443 2487 ferre
1489 2420 1616 2487 sub
1661 2439 1847 2507 pena
1892 2422 1965 2485 in
2010 2419 2166 2507 alijs
2210 2419 2422 2486 cridis
2471 2430 2818 2487 contenta.

427 2534 553 2599 Die
597 2555 719 2599 xv.
768 2531 1034 2619 aprillis
1079 2531 1269 2595 facta
1314 2527 1452 2593 fuit
1498 2528 1697 2593 crida
1749 2528 1821 2593 in
1884 2527 2167 2595 civitate
2210 2524 2463 2594 Parme
2526 2538 2722 2615 parte
2768 2527 3050 2608 ducalli,
3096 2528 3285 2616 quod
3345 2528 3417 2595 in
3476 2539 3628 2597 toto
3673 2529 3982 2603 dominio

283 2641 509 2708 ducalli
555 2660 704 2705 non
750 2636 1187 2725 expendatur
1229 2636 1367 2702 alia
1413 2648 1692 2702 moneta
1737 2656 1943 2722 quam
1991 2634 2303 2702 ducallis.

184 2751 249 2814 20
431 2744 927 2815 Sextodecimo
960 2743 1224 2830 aprillis
1254 2744 1679 2810 reverendus
1724 2740 2050 2810 dominus
2097 2742 2466 2830 episcopus
2510 2742 2905 2810 Parmensis
2951 2764 3187 2811 coram
3234 2765 3308 2811 se
3354 2744 3594 2811 vocari
3638 2745 3815 2812 fecit
3857 2765 3983 2811 an-

285 2858 480 2923 tianos
524 2875 689 2922 com
734 2863 999 2939 septem
1044 2850 1396 2919 adiunctis
1443 2851 1534 2917 de
1581 2848 1888 2937 qualibet
1933 2850 2234 2937 squadra
2279 2862 2572 2937 propter
2619 2849 3009 2917 delationes
3052 2872 3419 2931 armorum,
3463 2862 3754 2941 propter
3797 2853 3990 2920 furta

284 2974 342 3028 et
379 2973 473 3029 tot
514 2960 868 3039 malefitia,
915 2979 1051 3046 que
1094 2957 1171 3023 in
1219 2957 1373 3024 dies
1417 2958 1702 3044 impune
1746 2956 2292 3037 committuntur,
2338 2958 2703 3042 requirens
2748 2978 2791 3024 a
2837 2956 3108 3026 civibus
3168 2957 3549 3026 subsidium
3615 2970 3685 3027 et
3746 2979 3987 3026 omnes

288 3090 550 3137 exorans
592 3068 692 3134 ad
739 3065 1216 3133 obedientiam
1264 3076 1337 3132 et
1382 3066 1474 3132 ad
1519 3064 1699 3131 bene
1746 3077 1819 3132 et
1859 3075 2054 3131 recte
2099 3064 2493 3131 vivendum.

438 3173 891 3243 Illustrissimi
954 3172 1215 3241 domini
1279 3172 1526 3240 ducisa
1585 3183 1656 3238 et
1714 3171 1871 3237 dux‘
1910 3170 2297 3238 Mediolani
2343 3171 2921 3240 condonaverunt
2981 3173 3230 3241 illustri
3291 3171 3575 3241 domino
3617 3173 3986 3243 Ludovico

193 3281 255 3347 25
292 3283 536 3350 Sforcie
606 3280 1049 3351 Vicecomiti
1114 3278 1566 3369 gubernatori
1619 3277 1933 3368 generali
2001 3289 2218 3346 status
2275 3276 2666 3344 Mediolani
2728 3291 3024 3347 castrum
3085 3280 3463 3361 Sartirane‚
3525 3283 3714 3369 quod
3758 3282 3990 3349 fuerat

292 3390 527 3476 domini
571 3389 813 3459 Cichi.
905 3388 1078 3455 Item
1123 3386 1377 3453 illustri
1438 3385 1724 3453 domino
1784 3385 2104 3453 Roberto
2165 3387 2258 3455 de
2319 3384 2582 3454 Sancto
2631 3385 2972 3455 Severino
3018 3399 3320 3455 castrum
3384 3388 3750 3471 sanarum,
3798 3389 3990 3478 quod

292 3497 472 3564 etiam
513 3497 647 3564 fuit
695 3495 877 3563 dicti
921 3494 1186 3563 domini
1229 3492 1456 3562 Cichi.
3129 3528 3134 3536 ·

442 3604 810 3694 Vigesimo
857 3601 1117 3689 aprillis
1162 3602 1630 3669 transiverunt
1660 3622 1786 3687 per
1818 3600 2137 3667 Parmam
2185 3602 2324 3668 duo
2370 3612 2682 3668 oratores
2725 3602 3340 3670 illustrissimorum
3390 3604 3827 3671 dominorum
3861 3606 3998 3673 du«

292 3731 425 3777 cum
465 3710 881 3788 Mediolani,
929 3729 1221 3796 quorum
1266 3709 1447 3775 alter
1491 3720 1597 3775 est
1642 3718 2019 3795 preceptor
2064 3708 2305 3778 Sancti
2349 3706 2635 3796 Antonij
2686 3708 2761 3775 in
2805 3708 3250 3776 Mediolano·
3279 3723 3351 3778 et
3411 3712 3503 3778 de
3567 3710 3776 3779 domo
3823 3711 3984 3778 Tri-

195 3818 259 3882 30
295 3819 663 3899 meierum,
716 3828 971 3885 euntes
1014 3816 1315 3883 Romam
1361 3816 1454 3882 ad
1498 3815 1924 3902 pontificem.
2016 3815 2199 3881 Nam
2229 3799 2492 3883 dictum
2525 3816 2658 3886 fuit
2688 3816 2764 3881 in
2796 3816 3103 3883 discessu
3133 3816 3492 3909 Laurentii
3525 3817 3794 3885 Medici
3823 3819 3992 3887 Flo-

290 3925 512 3993 rentini
553 3948 600 3991 a
645 3924 982 4009 Neapoli,
1027 3923 1252 4009 ipsum
1296 3922 1725 4009 promississe
1770 3921 1958 3988 infra
2003 3941 2313 3988 mensem
2359 3922 2510 4011 regi
2538 3923 2991 3989 Ferdinando
3025 3921 3298 3989 mittere
3330 3945 3486 3991 xxv.
3519 3924 3706 3990 mille
3738 3946 3991 3992 aureos

294 4043 355 4097 et
392 4031 489 4098 sic
530 4031 816 4122 singulo
864 4051 1047 4096 anno
1093 4051 1310 4118 usque
1357 4030 1450 4096 ad
1494 4051 1824 4095 summam
1868 4039 2334 4096 trecentorum
2382 4029 2575 4095 mille
2619 4050 3004 4111 aureorum,
3050 4029 3110 4094 si
3154 4051 3296 4117 pax
3350 4030 3593 4098 debuit
3635 4032 3808 4099 fieri.
3900 4033 3995 4099 Et

297 4158 433 4205 cum
487 4139 619 4206 fuit
681 4135 1071 4214 Florentie,
1119 4134 1500 4225 abnegasse
1566 4136 1824 4202 dictam
1884 4134 2416 4222 promissionem
2478 4146 2808 4224 tanquam
2854 4137 3364 4203 meticulosam:
3413 4138 3606 4225 quod
3667 4138 3992 4205 dominus

295 4247 581 4331 pontifex
626 4243 959 4320 sentiens,
1005 4243 1124 4330 qui
1169 4242 1384 4308 multa
1428 4241 1500 4306 in
1543 4240 1750 4309 bellis
1794 4239 2166 4329 preteritis'
2211 4253 2626 4328 exposuerat
2658 4254 2728 4308 et
2757 4243 2948 4307 nulla
2992 4242 3126 4309 sibi
3157 4241 3366 4310 fiebat
3409 4244 3780 4326 restitutio,
3827 4265 3994 4334 egre
4142 4276 4184 4308 e.
4216 4272 4271 4314 7⁴
4304 4275 4332 4304 r

200 4349 261 4415 35
296 4353 479 4431 tullit3
522 4361 1013 4437 &actaturque
1061 4348 1290 4415 denuo
1336 4348 1476 4414 alia
1534 4369 1674 4435 pax
1720 4359 1791 4415 et
1848 4347 2208 4436 colligatio
2267 4369 2395 4435 per
2438 4347 2882 4415 sanctitatem
2927 4370 3120 4415 suam
3175 4369 3332 4416 com
3378 4361 3559 4417 statu
3611 4350 4002 4418 Mediolani

298 4460 410 4525 hac
450 4480 572 4545 pro
618 4479 861 4526 causa.
950 4456 1303 4543 Famaque
1353 4455 1486 4521 fuit
1529 4456 1663 4522 hac
1708 4454 1845 4534 die,
1877 4455 2070 4542 quod
2100 4454 2277 4520 filius
2309 4454 2484 4521 dicti
2528 4455 2714 4543 regis
2757 4455 2992 4580 adhuc
3038 4455 3338 4523 existens
3378 4455 3454 4523 in
3487 4455 3780 4524 Senensi
3823 4478 3996 4546 agro

298 4577 626 4632 tractatum
672 4563 1025 4631 habuerat
1069 4561 1146 4626 in
1190 4559 1391 4641 Pisis,
1439 4562 1631 4649 quod
1674 4561 2051 4627 succedere
2097 4580 2239 4627 non
2286 4561 2532 4647 potuit.

448 4672 813 4760 Vigesimo
865 4668 1070 4736 tertio
1115 4667 1385 4754 aprillis
1431 4666 1692 4754 scripte
1737 4679 1895 4733 sunt
1941 4689 2029 4733 ex
2071 4666 2438 4734 Placentia
2483 4667 2733 4735 Parme
2789 4668 3047 4748 littere,
3103 4668 3420 4757 qualliter
3463 4670 3749 4758 quidam
3794 4691 3997 4759 squa-

301 4777 539 4846 drerius
580 4797 945 4845 armorum
992 4772 1205 4841 verba
1248 4775 1518 4842 habens
1562 4795 1717 4841 cum
1764 4784 2101 4861 potestate
2148 4773 2532 4853 Placentie,
2578 4794 2736 4841 com
2780 4794 2942 4842 ense
2984 4774 3093 4842 illi
3142 4787 3352 4862 caput
3397 4776 3799 4863 amputavit.

206 4883 269 4945 40
449 4885 689 4951 Mense
737 4881 1027 4970 quidem
1059 4882 1193 4948 hoc
1238 4880 1508 4968 api-illis
1536 4881 1819 4948 fuerunt
1865 4899 2117 4970 magne
2161 4880 2416 4967 pluvie,
2461 4901 2548 4947 ac
2596 4902 2923 4968 aquarum
2955 4893 3029 4949 et
3071 4881 3426 4948 fluminum
3470 4883 3996 4958 inundationes:
4154 4905 4309 4954 nun..
4336 4904 4418 4949 aas

300 4991 537 5059 duravit
578 4990 829 5079 pluvia
894 4986 1141 5056 diebus
1200 4987 1600 5075 quindecim
1647 4986 2019 5066 continuis,
2069 4986 2159 5054 ob
2223 4987 2412 5075 quod
2458 4988 2757 5055 maxime
2801 4988 2990 5055 facte
3035 5000 3194 5055 sunt
3236 4990 3739 5076 processiones.
3830 4991 3998 5060 Cre·

266 5098 389 5164 2vit
425 5098 650 5166 Padus
710 5098 1074 5173 immfflsa
1134 5095 1323 5181 rupit
1381 5114 1623 5184 ageres
1680 5094 1758 5158 in
1819 5093 2053 5161 multis
2114 5092 2310 5174 locis,
2372 5106 2624 5182 pontes
2685 5095 2993 5176 abduxit,
3040 5096 3292 5162 multos
3349 5097 3745 5178 suffocavit,
3792 5099 4005 5167 multa

301 5206 602 5272 hedificia
647 5203 940 5272 deiecit.
1031 5202 1124 5269 Et
1167 5202 1454 5269 multum
1497 5213 1568 5268 et
1613 5201 1877 5290 grande
1921 5200 2169 5267 mirum
2214 5201 2369 5269 fuit.
3607 5187 3612 5190 ⁸

453 5314 767 5402 Reperta
817 5322 981 5378 sunt
1027 5311 1120 5377 ad
1165 5322 1450 5397 pontem
1493 5308 1856 5376 Placentie
1899 5330 2109 5396 super
2154 5310 2431 5377 flumine
2479 5310 2656 5378 Padi
2703 5330 3002 5398 corpora
3052 5324 3317 5399 septem
3372 5313 3729 5380 hominum
3792 5315 4005 5382 deca-

206 5413 269 5479 45
308 5420 651 5503 pitatorum
698 5418 915 5487 simul
961 5416 1032 5482 in
1081 5439 1221 5483 una
1265 5417 1433 5484 fune
1478 5415 1781 5506 alligata.

454 5526 822 5616 Vigesimo
872 5535 1118 5612 quarto
1162 5522 1451 5610 aprillis,
1499 5543 1637 5611 quo
1684 5522 1938 5590 festum
1969 5522 2214 5592 Sancti
2246 5524 2537 5615 Georgij
2589 5522 3001 5606 celebratur,
3048 5546 3285 5594 comes
3326 5527 3571 5594 Petrus
3617 5529 3711 5596 de
3753 5528 4009 5597 Verme

306 5629 470 5697 duxit
510 5633 583 5698 in
627 5649 930 5698 uxorem
991 5630 1341 5717 quandam
1402 5628 1614 5695 filiam
1674 5631 2055 5696 naturalem
2102 5630 2450 5718 quondam
2509 5630 2950 5698 illustrissimi
3015 5632 3279 5700 domini
3326 5634 3528 5701 ducis
3582 5634 3864 5715 Galeaz,
3914 5636 4007 5704 ob

310 5740 471 5823 quod
508 5742 581 5806 in
628 5751 869 5807 castro
916 5736 1304 5804 Mediolani
1350 5736 1611 5803 factum
1656 5736 1795 5803 fuit
1836 5736 2143 5805 solemne
2188 5739 2459 5806 festum.

458 5846 817 5935 Vigesimo
881 5843 1126 5932 quinto
1188 5842 1452 5931 aprinis
1512 5865 1639 5930 per
1706 5844 1992 5912 ducales
2051 5845 2563 5932 provisionatos
2622 5848 2713 5916 de
2780 5848 3108 5915 mandato
3169 5847 3295 5938 filij
3364 5860 3434 5918 et
3480 5848 4007 5917 locomtenentis

217 5943 280 6011 5⁰
310 5950 762 6039 gubernatoris
806 5950 1082 6031 Parme,
1116 5962 1358 6038 captus
1402 5950 1536 6018 fuit
1580 5951 1655 6017 in
1698 5950 1864 6017 villa
1893 5951 2279 6021 Ramoselli
2307 5972 2529 6039 prope
2558 5952 2880 6020 Parmam
2910 5954 3157 6021 Petrus
3190 5955 3277 6021 de
3311 5957 3547 6023 Fumo
3578 5953 3667 6024 de
3712 5958 4014 6045 squadra
