4895 7066
507 2399 591 2440 Mu

588 2303 630 2336 c.
657 2301 717 2340 30
746 2303 775 2332 r

598 2413 656 2453 ιι,
690 2399 771 2442 285

584 4756 625 4786 c.
655 4753 774 4793 30¹2

925 514 1027 589 30
2225 513 2706 588 CRONICA
2765 514 3353 588 GESTORUM
3698 528 3803 599 [Α.
3845 532 4009 585 1478
4045 529 4650 601 agusto-settembre]

923 665 1873 677 mmufflmmumnmtmomnt
1877 664 3478 676 „mommo-“momontumnvn-tmo-uueuncummu——onoonoommommm
3482 666 4413 676 nummum-mememnommomm

916 791 1224 859 ruerunt,
1274 779 1525 847 ordine
1586 781 1687 848 sic
1753 780 1940 859 dato,
2005 791 2312 847 oratores
2379 776 2834 846 serenissimi
2866 779 3055 868 regis
3115 779 3439 859 Francie,
3505 778 4124 846 illustrissimorum
4196 779 4648 847 dominorum

919 887 1176 953 ducum
1243 882 1655 965 Mediolani,
1727 885 2216 953 dominationis
2286 884 2767 964 Venetiarum,
2839 885 3286 952 comunitatis
3348 885 3723 965 Florentie‚
3796 884 4241 952 comunitatis
4300 885 4646 963 Bononia,

919 1014 1003 1059 ac
1051 993 1255 1060 ducis
1313 993 1624 1072 Ferarie,
1693 992 1997 1060 omnium
2060 992 2567 1083 colligatorum,
2632 992 3061 1080 requirentes
3127 992 3353 1079 primo
3400 1014 3442 1057 a
3487 992 3683 1059 dicto
3753 991 4086 1079 pontifice
4147 1003 4349 1079 parte
4413 992 4648 1058 domi-

921 1120 1166 1167 norum
1230 1122 1507 1169 suorum
1570 1100 1959 1168 vindictam
2019 1100 2169 1189 fieri
2231 1111 2480 1168 contra
2543 1099 2972 1166 cardinalem
3040 1112 3361 1187 nepotem
3428 1122 3625 1167 suum
3687 1112 3757 1167 et
3802 1100 4128 1167 comitem
4193 1098 4639 1188 Jeronimum

917 1206 1123 1273 etiam
1171 1208 1324 1275 eius
1366 1207 1717 1296 pontificis
1762 1218 2084 1294 nepotem
2131 1226 2262 1295 pro
2308 1206 2524 1295 gestis
2568 1226 2697 1295 per
2742 1227 2864 1274 eos
2908 1217 2977 1274 et
3023 1227 3258 1275 eorum
3319 1227 3537 1294 opera
3582 1218 3827 1274 contra
3887 1206 4332 1274 Florentinos
4376 1218 4450 1273 et
4510 1226 4640 1292 pe-
4745 1205 4788 1270 5

916 1324 1145 1380 tentes
1204 1314 1431 1401 ipsum
1493 1313 1895 1401 pontificem
1958 1313 2293 1382 desistere
2340 1335 2383 1379 a
2429 1313 2651 1400 ceptis
2696 1334 2821 1400 per
2869 1333 3027 1380 eum
3073 1313 3148 1379 in
3202 1314 3544 1381 mittendo
3606 1324 3846 1402 gentes
3902 1335 4061 1380 suas
4121 1313 4504 1401 armigeras
4567 1314 4646 1377 in

918 1441 1088 1510 agro
1156 1420 1592 1498 Florentin03
1659 1421 2080 1488 cominando
2143 1431 2451 1488 oratores
2513 1420 2691 1488 dicti
2750 1420 2939 1511 regis
2998 1420 3296 1488 Francie
3358 1432 3426 1488 et
3487 1421 3857 1488 offerendo
3920 1439 4156 1508 regem
4217 1421 4446 1507 ipsum
4506 1440 4645 1507 pro

915 1526 1326 1594 defensione
1394 1526 1784 1615 reipublice
1853 1527 2259 1596 Florentine
2322 1526 2856 1614 expenditur-um
2921 1548 3141 1615 usque
3208 1529 3304 1595 ad
3370 1527 3731 1615 propriam
3792 1547 4144 1594 coronam.
4239 1527 4458 1606 Quod
4525 1529 4639 1592 fa-

918 1651 1079 1699 cere
1124 1634 1354 1700 renuit
1399 1634 1587 1701 idem
1630 1633 1984 1721 pontifex,
2026 1653 2191 1723 ymo
2238 1632 2699 1720 respondidit,
2747 1634 2937 1721 quod
2985 1633 3162 1701 dicti
3209 1633 3356 1700 eius
3410 1645 3704 1721 nepotes
3761 1634 4019 1699 nullam
4082 1632 4430 1701 habebant
4491 1634 4645 1700 cul-

914 1759 1076 1824 pam
1124 1750 1194 1806 et
1241 1740 1433 1829 quod
1477 1740 1861 1807 Florentini
1905 1739 2309 1806 incurerant
2371 1760 2693 1806 censuras
2754 1738 3221 1806 eclesiasticas
3279 1751 3570 1827 propter
3629 1739 4052 1807 occisionem
4115 1739 4636 1826 archiepiscopi
4706 1742 4800 1804 10

916 1844 1234 1912 Pisarum
1281 1858 1352 1912 et
1399 1846 1943 1933 detemptionem
1986 1846 2162 1914 dicti
2196 1846 2576 1912 cardinalis
2621 1857 2691 1913 et
2723 1845 2812 1913 ob
2845 1847 2982 1914 hoc
3029 1865 3146 1913 eos
3192 1846 3471 1913 volebat
3516 1847 3787 1933 punire.
3879 1847 4084 1913 Tunc
4119 1845 4298 1913 dicti
4331 1857 4646 1913 oratores

916 1951 1237 2018 videntes
1297 1974 1423 2021 cor
1482 1952 1818 2021 Faraonis
1885 1951 2318 2032 induratum,
2387 1953 2775 2021 citaverunt
2844 1953 3071 2039 ipsum
3131 1953 3538 2040 pontificem
3606 1954 3700 2021 ad
3770 1952 4143 2020 concilium
4212 1953 4287 2017 in
4353 1954 4640 2020 civitate

916 2058 1180 2125 Leonis
1222 2059 1406 2126 ultra
1450 2070 1722 2128 montes
1765 2060 1841 2126 in
1889 2060 2127 2128 Gallia
2171 2059 2360 2126 infra
2405 2080 2713 2127 mensem
2761 2079 2918 2126 com
2963 2059 3273 2126 dimidio.
3366 2061 3461 2126 Et
3528 2080 3827 2126 renuens
3871 2059 4199 2146 pontifex
4256 2060 4350 2126 ad
4408 2060 4638 2146 ipsum

917 2165 1290 2232 concilium
1357 2167 1721 2246 accedere,
1786 2167 2118 2233 cominati
2186 2178 2345 2235 sunt
2399 2167 2647 2247 eidem,
2712 2169 2902 2256 quod
2972 2167 3144 2234 dicti
3212 2166 3473 2233 domini
3537 2179 3608 2233 et
3671 2167 4137 2234 comunitates
4197 2167 4342 2254 lige
4403 2177 4644 2254 preta-

925 2283 1036 2338 cte
1082 2271 1217 2338 sibi
1263 2273 1662 2358 acciperent
1709 2272 2187 2341 obedientiam
2233 2285 2304 2341 et
2349 2274 2814 2342 reverentiam
2834 2300 2852 2353 ;
2902 2295 2987 2340 ac
3038 2272 3277 2339 etiam'
3323 2275 3833 2341 admonuerunt
3865 2294 4106 2339 omnes
4135 2274 4443 2360 prelatos
4489 2270 4789 2361 exi-215

920 2390 1179 2447 stentes
1223 2378 1295 2445 in
1342 2379 1540 2447 curia
1583 2380 1912 2447 Romana
1955 2378 2289 2448 habentes
2334 2380 2700 2459 beneficia,
2746 2381 2862 2447 vel
2910 2378 3312 2468 dignitates'
3358 2380 3431 2446 in
3493 2380 3695 2447 terris
3757 2380 3945 2448 dicte
3991 2379 4456 2468 colligationis
4500 2392 4644 2446 tam

916 2485 1094 2552 citra
1140 2507 1346 2574 quam
1391 2485 1571 2553 ultra
1614 2497 1903 2565 montes,
1934 2486 2027 2553 ad
2074 2486 2476 2554 faciendam
2522 2486 3015 2554 rescidentiam
3058 2488 3494 2573 personalem
3524 2487 3600 2550 in
3642 2487 3820 2552 locis
3865 2486 4282 2576 dignitatum
4325 2499 4396 2554 et
4424 2485 4645 2553 bene-

916 2592 1222 2660 fitiorum
1285 2614 1562 2660 suorum
1609 2593 1799 2660 infra
1843 2612 2172 2674 mensem,
2220 2593 2347 2661 sub
2393 2614 2578 2679 pena
2625 2595 2813 2682 quod
2874 2614 3012 2660 non
3071 2594 3457 2683 gauderent
3517 2614 3752 2660 eorum
3800 2593 4091 2660 intratis·
4184 2594 4457 2662 Deinde
4504 2593 4644 2679 ipsi

916 2710 1225 2766 oratores
1271 2710 1705 2768 recesserunt
1749 2722 1792 2766 a
1837 2700 2067 2767 Roma
2112 2711 2181 2767 et
2227 2699 2526 2788 quilibet
2572 2719 2889 2767 reversus
2934 2712 3037 2766 est
3082 2700 3175 2766 ad
3220 2721 3416 2766 suum
3464 2699 3840 2768 dominum.
3932 2699 4142 2766 Multi
4190 2701 4373 2766 enim
4408 2701 4645 2766 eccle-

914 2805 1176 2871 siastici
1224 2805 1690 2874 discesserunt
1740 2828 1780 2873 a
1825 2807 2024 2873 curia
2069 2806 2412 2873 Romana.
2503 2806 2750 2873 Dictus
2793 2826 2962 2873 vero
3008 2808 3334 2893 pontifex
3379 2807 3682 2874 sentiens
3726 2807 3974 2872 multas
4018 2817 4259 2894 gentes
4299 2805 4439 2894 jam
4470 2810 4786 2893 ven-,20

915 2924 1021 2976 tas
1067 2923 1138 2978 et
1184 2911 1259 2978 in
1306 2912 1457 2979 dies
1503 2913 1740 2980 venire
1787 2912 1855 2977 in
1903 2912 2219 2979 favorem
2264 2912 2842 2991 Florentinorum‚
2874 2912 3065 2999 ipsos
3098 2913 3541 2980 Florentinos
3573 2925 3644 2980 et
3673 2933 4147 3001 quoscumque
4195 2912 4646 2979 auxiliatores

920 3037 1158 3083 eorum
1192 3019 1776 3099 excomunicavit,
1808 3041 1852 3085 a
1882 3041 2018 3108 qua
2050 3019 2706 3087 excomunicatione
2754 3019 2887 3106 ipsi
2934 3019 3329 3088 Florentini
3378 3020 3910 3106 appellaverunt
3953 3021 4048 3087 ad
4094 3021 4354 3085 dictum
4402 3020 4644 3085 conci-

917 3123 1108 3203 lium,
1158 3137 1228 3191 et
1276 3148 1360 3191 ea
1405 3146 1546 3193 non
1578 3126 1892 3193 obstante
1937 3126 2491 3194 cellebraverunt
2536 3138 2605 3193 et
2650 3126 2791 3192 alia
2839 3127 3079 3193 divina
3126 3126 3350 3193 officia
3394 3128 3735 3207 fecerunt,
3782 3140 3986 3212 prout
4032 3138 4238 3192 antea
4293 3127 4637 3192 fecerunt.

1094 3232 1200 3297 De
1246 3232 1435 3299 dicto
1481 3253 1715 3300 mense
1761 3233 2036 3321 augusti
2082 3243 2239 3320 post
2282 3232 2608 3319 predicta
2653 3235 3079 3301 reverendus
3110 3233 3435 3301 dominus
3465 3233 3920 3299 Sacramorus
3953 3233 4042 3299 de
4076 3231 4434 3297 Arrimino
4483 3232 4638 3319 epi-

919 3357 1170 3424 scopus
1214 3339 1482 3419 Parme,
1529 3339 1650 3428 qui
1696 3337 1923 3406 stabat
1967 3340 2197 3407 Rome
2256 3359 2384 3426 pro
2451 3350 2727 3405 oratore
2792 3338 3051 3417 ducali,
3116 3338 3437 3405 discessit
3484 3360 3526 3403 a
3571 3339 3767 3406 curia
3825 3338 4173 3418 Romana,
4237 3350 4528 3406 vocatus
4589 3361 4636 3405 a
4683 3338 4771 3403 25

922 3444 1225 3511 dominis
1271 3444 1561 3513 ducibus
1605 3444 2024 3524 Mediolani,
2072 3466 2201 3532 pro
2246 3445 2731 3513 observatione
2801 3445 3206 3513 monitionis
3261 3446 3472 3526 facte,
3532 3458 3610 3512 ut
3671 3446 3745 3510 in
3807 3445 3948 3512 alio
4019 3446 4328 3531 capitulo
4375 3446 4642 3513 dictum

917 3562 1018 3618 est
1066 3563 1135 3621 et
1180 3553 1374 3619 venit
1419 3553 1493 3619 in
1543 3553 1832 3620 civitate
1879 3553 2153 3633 Parme,
2215 3553 2336 3620 ubi
2397 3551 2704 3642 benigne
2767 3572 2922 3619 com
2985 3552 3210 3618 sollita
3270 3553 3725 3639 processione
3785 3565 4109 3640 receptus
4154 3554 4305 3634 fuit,
4354 3554 4476 3640 qui
4530 3554 4642 3618 in-

921 3659 1225 3750 mediate
1269 3678 1344 3725 se
1399 3660 1671 3728 adhesit
1731 3658 1950 3727 tribus
2012 3660 2352 3748 squadris,
2414 3671 2494 3726 ut
2558 3661 2649 3727 de
2710 3671 2909 3747 parte
2955 3659 3293 3747 gibellina
3349 3670 3416 3727 et
3475 3659 3741 3727 eisdem
3810 3659 4054 3727 favere
4120 3660 4388 3747 incepit
4455 3661 4644 3727 ultra

917 3767 1219 3845 modum,
1265 3788 1308 3832 a
1354 3765 1608 3855 quibus
1651 3767 1999 3855 quottidie
2044 3767 2471 3847 visitabatur,
2522 3765 2998 3833 associabatur
3044 3778 3113 3834 et
3155 3766 3701 3853 presentabatur‚
3737 3778 3807 3832 et
3851 3768 4030 3833 adeo
4080 3768 4269 3855 quod
4313 3765 4506 3832 visus
4535 3779 4641 3833 est

919 3883 1276 3958 protector
1308 3884 1379 3939 et
1412 3885 1622 3960 caput
1653 3873 1959 3962 ipsarum
1989 3876 2195 3941 trium
2226 3875 2699 3961 squadrarum.
2793 3873 2978 3939 Nam
3026 3874 3188 3939 dum
3232 3874 3591 3961 Johannes
3635 3873 3941 3952 Pellitia,
3990 3875 4076 3940 de
4122 3894 4261 3962 quo
4307 3895 4519 3960 supra
4564 3874 4639 3937 in
4687 3875 4776 3937 30

913 3977 1056 4043 alio
1102 3998 1286 4045 anno
1334 3981 1527 4047 facta
1567 3980 1801 4047 extitit
1848 3981 2131 4060 mentio,
2181 4001 2321 4046 non
2369 3982 2661 4047 auderet
2708 3979 2783 4046 in
2831 3976 3120 4048 civitate
3163 3982 3413 4047 Parme
3460 3981 3876 4047 commorari
3939 3978 4030 4045 ob
4093 3981 4237 4046 eius
4299 3980 4641 4048 demerita

916 4096 986 4150 et
1049 4085 1138 4152 ob
1201 4085 1585 4172 periculum
1632 4087 1884 4176 laquei,
1931 4088 2122 4176 quod
2166 4088 2288 4153 vix
2333 4088 2701 4176 effugerat,
2748 4107 3064 4154 reversus
3127 4100 3230 4153 est
3290 4087 3365 4151 in
3428 4086 3711 4154 civitate
3758 4086 3999 4152 favore
4061 4087 4235 4153 dicti
4296 4087 4639 4173 episcopi,

916 4193 1238 4276 exemplo
1284 4193 1483 4260 cuius
1514 4193 1716 4260 multi
1762 4191 1883 4282 alij
1931 4193 2223 4281 capistri
2271 4213 2550 4260 venere.

1092 4299 1343 4366 Postea
1390 4301 1480 4367 de
1526 4321 1761 4366 mense
1807 4300 2221 4386 septembris
2267 4300 2444 4367 dicti
2491 4301 2658 4366 anni
2713 4299 2879 4372 1478
2929 4300 3401 4367 serenissimus
3445 4322 3568 4366 rex
3612 4300 3916 4368 Francie
3983 4299 4420 4367 confirmavit
4479 4299 4643 4388 illu-

919 4403 1325 4472 strissimum
1370 4406 1726 4474 dominum
1774 4408 2026 4474 ducem
2070 4407 2461 4474 Mediolani
2505 4407 2577 4473 in
2634 4409 2891 4475 ducatu
2951 4408 3178 4496 Janue
3225 4418 3294 4474 et
3340 4407 3638 4486 Savone,
3701 4428 3873 4495 quas
3935 4405 4022 4474 ab
4085 4426 4168 4473 eo
4230 4405 4506 4473 tenebat
4567 4407 4640 4471 in
4687 4406 4773 4471 35

914 4510 1154 4590 feud0‚
1202 4533 1287 4579 ac
1336 4514 1566 4581 denuo
1613 4513 2045 4581 confirmavit
2089 4514 2305 4602 ligam
2351 4533 2508 4580 com
2557 4525 2739 4581 statu
2783 4512 3201 4582 Mediolani.

1091 4618 1294 4686 Missi
1342 4630 1499 4687 sunt
1543 4621 1681 4687 hoc
1728 4622 1974 4688 eodem
2019 4641 2252 4689 mense
2296 4621 2708 4707 septembris
2753 4621 2826 4685 in
2875 4620 3160 4687 civitate
3220 4621 3468 4687 Parme
3516 4642 3557 4686 a
3600 4620 4004 4687 Mediolano
4066 4632 4344 4688 centum
4404 4621 4643 4707 provi-

924 4725 1177 4792 sionati
1223 4746 1353 4813 pro
1401 4728 1717 4795 custodia
1763 4726 2073 4794 civitatis
2119 4739 2190 4795 et
2237 4728 2505 4794 domini
2551 4726 3090 4815 gubernatoris,'
3135 4729 3317 4794 ultra
3348 4747 3466 4793 eos
3496 4728 3670 4794 alios
3716 4739 4016 4807 centum,
4063 4728 4186 4816 qui
4219 4727 4319 4794 ibi
4353 4726 4646 4793 firmiter

917 4831 1214 4899 stabant.
1351 4834 1532 4899 Nam
1582 4833 1673 4900 ob
1723 4833 2192 4915 devotionem,
2255 4856 2464 4922 quam
2525 4835 2616 4899 he
2678 4846 2822 4901 tres
2880 4835 3182 4921 squadre
3243 4833 3595 4901 habebant
3663 4834 3741 4899 in
3809 4835 4161 4900 dominum
4222 4834 4638 4912 Robertum‚

918 4938 1123 5005 valde
1169 4940 1256 5006 de
1300 4940 1538 5030 aliqua
1583 4960 1821 5007 earum
1866 4940 2269 5027 proditione
2315 4940 2705 5009 timebatur.
3177 4983 3181 4988 ·
4690 4943 4774 5005 40

1096 5047 1338 5135 quue
1384 5067 1616 5114 mense
1658 5047 2065 5135 septembris
2107 5048 2380 5134 pedites
2428 5049 2602 5116 dicti
2655 5049 2919 5116 domini
2965 5047 3271 5115 Roberti
3318 5066 3475 5113 com
3521 5045 4112 5136 Aragonensibus,
4160 5049 4304 5113 sive
4336 5047 4645 5114 Catella-

917 5153 1045 5231 nis‚
1093 5153 1212 5240 qui
1260 5154 1764 5220 descenderant
1812 5176 1901 5220 ex
1944 5154 2188 5243 galleis
2234 5167 2303 5221 et
2347 5166 2546 5222 erant
2591 5156 2663 5221 in
2708 5157 2957 5243 Janua,
3005 5155 3235 5220 multis
3280 5153 3554 5221 vicibus
3599 5166 3938 5241 ceperunt
3989 5154 4438 5221 scaramutias
4484 5175 4642 5220 corn

912 5258 1409 5346 provisionatis
1453 5259 1907 5326 existentibus
1952 5261 2024 5327 in
2071 5262 2447 5329 Castelleto
2494 5283 2624 5349 pro
2672 5262 2932 5328 ducalli
2979 5273 3158 5328 statu
3205 5272 3273 5329 et
3324 5282 3595 5348 semper
3648 5261 3922 5346 pedites
3989 5259 4272 5328 ducales
4317 5259 4640 5326 obtinue-

918 5378 1077 5432 runt
1090 5390 1109 5444 ς
1157 5387 1437 5454 unoque
1485 5365 1603 5434 die
1650 5369 1813 5434 dum
1864 5368 2095 5435 dictus
2142 5368 2466 5435 dominus
2514 5367 2862 5435 Robertus
2908 5368 3092 5437 velet
3139 5389 3538 5458 expugnare
3594 5368 3857 5434 dictum
3920 5367 4388 5446 Castelletum,
4449 5368 4643 5434 ordi-

916 5473 1100 5538 natis
1143 5472 1458 5560 pluribus
1503 5473 1785 5540 aciebus
1830 5474 2058 5565 gentis
2102 5495 2223 5540 sue
2265 5473 2891 5562 Arragonensibus,
2939 5475 3334 5562 preparatis
3380 5474 3610 5541 multis
3670 5473 4064 5562 spingardis
4107 5485 4176 5540 et
4223 5472 4637 5561 ballistarijs,
4687 5473 4764 5539 45

915 5580 1051 5645 hoc
1095 5579 1471 5646 sentientes
1516 5580 1975 5667 provisionati
2020 5582 2225 5647 castri
2272 5592 2343 5647 et
2387 5580 2728 5668 fingentes
2774 5581 2950 5648 nihil
2998 5582 3089 5650 de
3135 5583 3273 5648 hoc
3318 5583 3782 5667 perpendere,
3818 5579 4159 5647 ordinatis
4187 5590 4453 5647 secrete
4499 5581 4641 5646 suis

916 5685 1201 5753 aciebus
1246 5685 1510 5772 optime
1557 5687 1861 5766 armatis,
1907 5708 1990 5753 ac
2035 5686 2436 5775 spingardis
2490 5698 2562 5752 et
2621 5685 3095 5754 bombardelis
3157 5686 3468 5766 infinitis,
3535 5705 3694 5753 cum
3755 5686 3978 5772 prima
4038 5684 4247 5763 acies,
4311 5707 4447 5773 que
4509 5686 4640 5752 fuit

916 5791 1500 5880 Aragonensium‚
1551 5792 1742 5879 cepit
1786 5792 2119 5859 insultare
2165 5793 2637 5871 Castelletum,
2685 5794 2794 5859 illi
2846 5796 2932 5861 de
2981 5792 3356 5859 Castelleto
3391 5793 3756 5888 exiverunt
3802 5804 4105 5859 castrum
4150 5804 4221 5858 et
4267 5791 4434 5858 dato
4481 5793 4639 5882 igne

915 5898 1416 5968 bombardellis
1463 5911 1533 5965 et
1578 5899 1972 5986 spingardis
2016 5901 2110 5966 ad
2159 5898 2553 5986 oppositum
2604 5899 2961 5978 ordinatis,
3008 5919 3247 5974 omnes
3294 5899 3440 5966 dati
3486 5911 3646 5966 sunt
3692 5898 3766 5964 in
3814 5900 4076 5989 fugam,
4138 5897 4393 5964 infiniti
4456 5918 4638 5964 mor-

916 6006 1019 6074 tui
1065 6017 1244 6087 sunt,
1293 6006 1411 6094 qui
1457 6006 1738 6072 fuerunt
1780 6006 1875 6073 ad
1922 6027 2283 6073 numerum
2326 6028 2413 6072 ex
2458 6004 3030 6095 Aragonensibus
3072 6006 3257 6071 forte
3317 6006 3632 6087 trecenti,
3695 6005 4032 6093 multique
4097 6005 4284 6093 capti
4345 6016 4503 6070 sunt
4553 6016 4625 6071 et
4673 6005 4751 6070 50
