4895 7066
285 478 385 558 [x
430 478 604 543 ιω
648 496 872 543 mmo
909 478 1267 558 §.magas
1471 464 1580 547 m
1604 584 1609 589 ἡ
1634 463 2159 546 PARTmUS
2214 460 2852 545 LoMBARmE
3901 410 3914 415 ’
3975 458 4020 540 9

309 628 715 636 -n———e-——m-n
3993 621 4026 631 ια

956 628 1621 637 m-—o-n-m--s---u-n—fi-mmm-num·
1638 628 1667 635 ..-
1674 628 1715 635 ..η
1742 622 3606 635 u.n-..a...m-n...-...u-m—u-n-nna-0-..um-0...-0-00-0000”nouom-uanae·---n--n-o-..um-ffluu---·-..0....0---·-.-n-...*-.
3619 623 3686 629 ..n-v
3701 623 3826 630 .-..--<.--
3841 622 3991 631 2-..m-o-n

475 737 751 804 Eodem
799 760 984 805 anno
1039 735 1203 809 1477
1254 747 1415 824 post
1457 735 1796 824 predicta,
1843 747 2040 802 sexta
2086 734 2199 803 die
2254 733 2519 826 marcij,
2552 734 2745 801 venit
2786 733 2861 800 in
2893 732 3173 800 civitate
3218 730 3471 800 Parme
3519 731 3838 801 dominus
3866 730 4027 798 Tri-

294 843 561 911 stanus'
608 846 914 924 Sforcia‚
947 846 1166 911 frater
1195 845 1525 912 naturalis
1570 843 1740 910 dicti
1784 843 2133 932 quondam
2163 842 2427 910 domini
2459 841 2677 921 ducis,
2708 841 2952 907 missus
2983 840 3071 908 ab
3102 838 3553 907 illustrissima
3583 840 3868 907 domina
3897 841 4027 907 du-

297 953 485 1018 cissa
528 951 921 1019 Mediolani
966 972 1122 1017 com
1168 950 1682 1039 quatuorcentis
1724 948 2074 1037 peditibus
2118 949 2208 1016 ad
2257 948 2702 1028 obviandum,
2747 968 2839 1013 ne
2883 946 3214 1015 ulteriora
3243 946 3575 1013 scandala
3605 948 3875 1027 fierent,
3908 946 4027 1034 qui

298 1058 494 1125 illico
535 1058 754 1147 jussit,
805 1059 1125 1126 forenses
1172 1078 1434 1135 omnes,
1482 1056 1601 1144 qui
1645 1056 1718 1122 in
1763 1056 2040 1124 civitate
2091 1067 2539 1133 restaverant,
2587 1076 2662 1121 se
2708 1055 3074 1122 absentare
3122 1064 3194 1119 et
3235 1074 3432 1120 arma
3475 1054 3764 1141 deponi3
3815 1066 3886 1120 et
3930 1054 4026 1119 its

206 1164 246 1228 5
300 1178 409 1231 est
458 1167 742 1231 factum.
836 1165 1041 1231 Tunc
1087 1163 1321 1231 Rubei
1366 1163 1536 1230 facti
1580 1175 1740 1228 sunt
1785 1161 2253 1231 animosiores.
2335 1160 2663 1229 Attamen
2709 1160 2827 1226 ille
2872 1180 3146 1248 semper
3214 1159 3390 1225 favit
3431 1159 3648 1227 tribus
3690 1159 4028 1249 aquarii-is,

298 1292 465 1337 nam
509 1270 814 1339 habebat
861 1271 932 1335 in
974 1291 1260 1337 uxorem
1309 1269 1655 1336 dominam
1704 1268 2094 1337 Beatricem
2144 1288 2450 1335 sororem
2496 1267 2698 1334 ducis
2744 1266 3029 1335 Ferarie
3099 1266 3190 1334 de
3255 1265 3465 1333 domo
3518 1264 3824 1345 Extensi,
3888 1285 4025 1354 que

294 1378 527 1464 primo
572 1398 749 1445 uxor
791 1378 1026 1445 fuerat
1068 1377 1330 1445 domini
1374 1376 1677 1443 Nicollai
1722 1378 1812 1443 de
1858 1375 2178 1465 Corrigia
2222 1389 2293 1443 et
2336 1395 2413 1442 se
2463 1374 2948 1442 conformabat
2979 1394 3137 1441 com
3184 1373 3535 1441 volontate
3567 1373 3828 1441 domini
3874 1373 4026 1441 Ro-

299 1484 482 1551 berti
530 1498 603 1553 et
648 1484 941 1551 aliorum
987 1485 1280 1551 fratrum
1325 1482 1496 1551 dicti
1563 1484 1918 1572 quondam
1990 1482 2211 1563 ducis,
2283 1482 2403 1570 qui
2471 1480 3004 1548 inimicabantur
3068 1480 3353 1548 domino
3412 1478 3636 1548 Cicho
3705 1492 3778 1547 et
3846 1479 4028 1584 parti

304 1591 586 1659 Rubee.

176 1699 255 1763 10
490 1698 629 1764 Hic
677 1699 881 1766 etiam
926 1697 1277 1766 mandavit
1341 1718 1473 1785 per
1538 1697 1892 1785 publicum
1936 1696 2316 1784 proclama,
2361 1694 2553 1785 quod
2595 1694 2786 1763 bona
2827 1707 3274 1763 sacomanata
3332 1693 3854 1763 restituerentur
3897 1693 4025 1761 sub

301 1825 495 1891 pena
541 1806 894 1875 furcarum
943 1816 1013 1872 et
1060 1805 1285 1871 nullus
1331 1802 1581 1871 voluit'
1627 1803 1938 1882 obedire,
1988 1823 2118 1870 nec
2166 1801 2312 1890 ipse
2358 1802 2640 1868 nimium
2691 1801 2998 1869 curabat.
3087 1798 3438 1891 Jussitque
3487 1799 3676 1893 elligi
3721 1801 3852 1868 dus
3896 1820 4026 1887 pro
4149 1804 4154 1811 '

296 1910 583 1999 singula
625 1914 950 2000 squadra‚
999 1912 1118 2000 qui
1147 1912 1325 1978 itent
1355 1909 1874 1989 Mediolanum3
1923 1921 1993 1978 et
2023 1910 2125 1975 sic
2157 1920 2636 1987 accesserunt3
2670 1921 2741 1975 et
2772 1908 3144 1976 existentes
3175 1928 3409 1976 coram
3441 1908 3722 1975 domina
3751 1908 4028 1974 ducissa

296 2018 399 2082 illi
434 2019 530 2085 de
565 2018 782 2085 tribus
810 2018 1128 2107 squadris
1157 2038 1234 2084 se
1267 2017 1715 2095 excusabant,
1748 2017 2083 2096 dicentes,
2116 2015 2376 2083 dictum
2422 2035 2871 2082 sacomanum
2901 2036 3042 2082 non
3070 2016 3494 2103 processisse
3525 2034 3764 2083 eorum
3796 2014 4023 2102 culpa.

294 2125 407 2190 Illi
455 2144 630 2190 vero
675 2125 766 2190 de
815 2123 1113 2212 squadra
1156 2124 1413 2192 Rubea
1460 2123 1855 2211 oppositum
1903 2122 2253 2191 dicebant.
2344 2121 2668 2190 Tandem
2714 2142 2951 2189 coram
2997 2121 3147 2208 ipsa
3193 2120 3477 2189 domina
3520 2121 3795 2189 ducissa
3840 2134 3912 2189 et
3954 2120 4027 2186 in

166 2230 243 2297 15
298 2231 453 2297 eius
498 2231 821 2298 manibus
865 2229 1117 2319 singuli
1163 2230 1252 2296 de
1298 2230 1573 2318 singula
1617 2230 1921 2317 squadra
1963 2230 2368 2320 juraverunt
2412 2249 2662 2315 pacem
2711 2249 2840 2315 pro
2886 2249 2961 2295 se
3027 2239 3097 2295 et
3157 2227 3477 2296 omnibus
3522 2227 3678 2316 alijs
3721 2228 4025 2305 civibus;

294 2336 941 2424 promisseruntque
989 2336 1092 2401 illi
1136 2336 1225 2403 de
1273 2334 1494 2403 tribus
1539 2334 1859 2424 squadris
1903 2356 1987 2403 ac
2031 2336 2442 2426 juraverunt
2487 2354 2616 2422 pro
2660 2354 2865 2421 posse
2913 2332 3183 2401 restitui
3212 2333 3454 2401 facere
3487 2332 3677 2401 bona
3719 2354 4026 2416 sacoma-

294 2456 505 2521 nata3
555 2456 629 2510 et
672 2444 933 2510 reversi
981 2443 1260 2509 domum
1290 2443 1469 2509 nihil
1504 2455 1796 2530 egerunt
1827 2442 1916 2509 de
1949 2442 2106 2528 ipsa
2137 2441 2605 2518 restitutione3
2638 2442 2764 2508 sed
2799 2439 3138 2529 quottidie
3171 2438 3432 2529 aliquid
3469 2440 4030 2529 premeditaban-

294 2563 435 2628 tur,
468 2562 546 2617 ut
593 2562 932 2616 nocerent
977 2551 1274 2637 squadre
1322 2549 1610 2626 Rubee3
1645 2561 1715 2616 et
1747 2549 2073 2616 timentes
2104 2549 2191 2615 de
2225 2548 2514 2615 domino
2562 2546 2995 2614 Petromaria
3038 2547 3318 2627 Rube0,
3352 2569 3438 2614 ne
3470 2548 3794 2614 iniuriam
3835 2569 4028 2614 suam

295 2670 368 2724 et
418 2658 806 2724 amicorum
853 2677 1130 2723 suorum
1176 2656 1605 2735 vendicaret,
1651 2655 1926 2723 stabant
1969 2654 2295 2723 continue
2342 2654 2415 2720 in
2462 2656 2710 2731 armis3
2745 2666 2816 2721 et
2848 2653 3022 2721 fauti
3053 2676 3096 2720 a
3126 2653 3317 2722 dicto
3364 2654 3649 2722 domino
3694 2653 4027 2722 Tristano

160 2766 247 2828 20
299 2777 371 2830 et
418 2761 668 2830 Azone
714 2762 1145 2831 vicecomite
1194 2762 1688 2841 commissario,
1735 2761 2217 2830 vociferabant
2263 2760 2522 2828 dictum
2563 2762 2918 2829 dominum
2965 2760 3534 2829 Petrummariam
3597 2783 3749 2829 esse
3796 2761 3872 2827 in
3922 2783 4033 2827 ar-

292 2871 429 2936 mis
474 2882 546 2936 et
590 2870 748 2937 vele
798 2870 1148 2937 civitatem
1195 2868 1496 2959 ingredi,
1546 2881 1616 2936 et
1646 2868 1744 2936 sic
1791 2869 2042 2936 iterum
2087 2868 2339 2934 multas
2382 2880 2630 2956 gentes
2678 2869 2994 2935 forenses
3027 2880 3653 2958 congregaverunt,
3684 2889 3819 2936 nec
3853 2868 4031 2935 ullus

296 2999 544 3044 eorum
596 2998 800 3043 ausus
847 2988 997 3043 erat
1043 2976 1402 3043 civitatem
1450 2975 1664 3055 exire,
1712 2996 1845 3042 nec
1889 2974 2129 3043 Rubei
2174 2974 2528 3062 persimile
2577 2975 2953 3043 audebant.

480 3084 754 3151 Eodem
800 3103 984 3150 anno
1039 3080 1202 3153 1477
1255 3085 1344 3151 de
1392 3105 1630 3150 mense
1677 3081 1943 3169 api-illis
1990 3081 2310 3149 dominus
2353 3082 2923 3169 archiepiscopus
2965 3082 3217 3171 Janue,
3277 3084 3398 3172 qui
3459 3083 3688 3151 stabat
3735 3082 4029 3150 Mantue

296 3192 372 3256 in
419 3190 831 3268 confinibus,
881 3200 1152 3257 secrete
1199 3190 1471 3279 aufugit
1515 3202 1586 3257 et
1628 3189 1910 3256 intravit
1954 3188 2270 3277 Januam.
2362 3188 2533 3256 Erat
2581 3188 2768 3255 enim
2815 3189 2903 3257 de
2950 3188 3530 3281 Campofrugosio
3591 3203 3662 3257 et
3722 3209 3877 3257 com
3944 3210 4031 3257 eo

165 3298 251 3364 25
308 3298 522 3365 etiam
573 3298 948 3365 intervenit
993 3299 1309 3364 dominus
1354 3297 1689 3366 Obiectus
1734 3297 1823 3363 de
1871 3296 2105 3364 Flisco
2168 3296 2686 3382 protonotarius
2732 3308 2802 3363 et
2848 3297 3069 3385 ipsam
3132 3295 3488 3365 civitatem
3551 3298 3777 3386 Janue
3841 3317 4031 3364 com-

297 3416 675 3471 moverunt
722 3405 814 3471 ad
865 3424 1053 3469 arma
1097 3404 1515 3491 capiendum
1565 3415 1634 3470 et
1677 3402 2181 3470 calcitrandum
2208 3416 2457 3469 contra
2488 3414 2736 3470 statum
2768 3400 3176 3470 Mediolani.
3240 3402 3441 3471 Missi
3472 3417 3631 3471 sunt
3674 3424 3805 3490 pro
3849 3414 4030 3471 statu

295 3510 701 3578 Mediolani
748 3510 1037 3599 januam
1104 3511 1425 3578 dominus
1469 3510 1824 3578 Robertus
1870 3510 1959 3578 de
2009 3509 2271 3577 Sancto
2318 3509 2685 3590 Severino,
2732 3509 3050 3577 dominus
3093 3508 3495 3578 Ludovicus
3527 3522 3598 3579 et
3646 3511 3787 3578 dux
3831 3510 4032 3579 Barri

300 3618 615 3704 Sforcie·
639 3618 1137 3696 Vicecomites,
1187 3638 1342 3683 com
1388 3617 1688 3684 maximo
1736 3637 2023 3684 numero
2067 3617 2380 3704 peditum
2428 3629 2500 3684 et
2547 3637 2880 3705 equorum
2944 3630 3015 3684 et
3075 3638 3229 3686 com
3275 3639 3416 3684 una
3475 3618 3831 3699 bronzina‚
3894 3641 4029 3707 que

296 3725 559 3791 multas
619 3726 862 3794 domos
907 3725 1209 3791 civitatis
1255 3723 1596 3792 destruxit
1643 3736 1712 3791 et
1756 3724 2004 3791 multas
2048 3723 2371 3790 mulieres
2400 3724 2731 3814 gravidas
2777 3723 3091 3791 abortum
3137 3725 3373 3792 facere
3409 3725 3729 3815 cogebat.
3821 3727 4032 3794 Fina-

174 3834 253 3897 30
297 3831 468 3898 liter
530 3831 977 3918 expullerunt
1038 3831 1296 3898 dictum
1342 3820 1967 3918 archiepiscopum,
2030 3829 2383 3897 civitatem
2446 3828 2897 3897 obtinuerunt
2964 3842 3035 3898 et
3103 3832 3451 3900 duxerunt
3520 3852 3676 3899 com
3745 3833 4032 3899 acordio

298 3938 566 4005 dictum
614 3938 971 4003 dominum
1018 3936 1386 4004 Obiectum
1434 3935 1842 4016 Mediolani,
1875 3957 2033 4028 com
2065 3938 2230 4003 satis
2274 3936 2466 4003 bona
2508 3937 2904 4025 provisione
2951 3959 3183 4004 annua
3227 3960 3621 4005 mansurum
3653 3939 3724 4004 in
3752 3939 4033 4006 Medio-

297 4045 491 4110 lan0.
588 4045 684 4111 Et
728 4045 1099 4131 deputatus
1145 4042 1278 4109 fuit
1322 4039 1414 4110 ad
1444 4044 1757 4133 regimen
1789 4043 2011 4132 Janue
2046 4043 2363 4110 dominus
2408 4042 2718 4131 Prosper
2761 4041 3088 4111 Adurnus
3133 4043 3353 4132 ipsius
3396 4044 3587 4112 urbis
3633 4044 3830 4125 civis,
3879 4067 4035 4112 cre-

299 4152 561 4218 dentes
606 4170 691 4217 eo
737 4149 974 4217 medio
1021 4151 1373 4217 civitatem
1437 4152 1511 4215 in
1557 4150 1694 4217 fide
1744 4163 1814 4217 et
1859 4171 2036 4236 pace
2084 4149 2409 4217 retinere.
2504 4147 2650 4227 Qui
2697 4150 3019 4217 dominus
3083 4150 3390 4240 Prosper
3455 4151 3769 4239 pluribus
3832 4152 4033 4218 annis

300 4269 599 4324 steterat
670 4254 1089 4328 carceratus'
1136 4257 1205 4322 in
1254 4268 1484 4323 castro
1532 4254 1901 4335 Cremone,
1949 4256 2111 4344 quia
2154 4256 2585 4324 amicabatur
2644 4256 2797 4346 regi
2857 4254 2917 4321 F
2920 4257 3335 4343 erdinand0,
3383 4270 3452 4326 et
3509 4250 3780 4326 mortuo
3844 4260 4026 4326 duce

178 4361 255 4428 35
306 4364 581 4432 Galeaz
628 4365 880 4432 ductus
926 4363 1153 4430 fuerat
1213 4362 1602 4430 Mediolani
1650 4375 1719 4429 et
1764 4361 1881 4451 qui
1930 4362 2138 4430 fidem
2186 4383 2327 4429 non
2373 4361 2700 4441 servavit,
2746 4376 2822 4430 ut
2866 4362 3035 4430 alibi
3082 4363 3376 4433 dicetur.

485 4472 597 4538 De
644 4490 881 4538 mense
929 4471 1138 4561 madij
1188 4469 1363 4537 dicti
1410 4471 1577 4536 anni
1635 4469 1797 4541 1477
1848 4481 2007 4557 post
2050 4470 2392 4557 predicta,
2441 4471 2726 4537 domina
2768 4472 3045 4539 ducissa
3089 4472 3481 4539 Mediolani
3528 4473 3813 4541 multum
3860 4471 4033 4542 ella-

298 4579 606 4656 boravit‚
651 4592 729 4645 ut
773 4599 913 4643 una
960 4577 1146 4645 bona
1189 4589 1258 4644 et
1302 4576 1653 4667 generalis
1698 4579 1894 4644 fieret
1937 4600 2076 4665 pax
2106 4577 2181 4644 in
2226 4577 2516 4645 civitate
2560 4576 2830 4658 Parme,
2878 4577 3204 4667 quoniam
3250 4599 3492 4647 omnes
3536 4582 3838 4669 squadre
3884 4603 4032 4648 me-

302 4685 600 4752 tuebant
645 4696 716 4751 et
762 4683 836 4749 in
885 4684 1089 4750 armis
1136 4684 1433 4763 stabant,
1479 4684 1776 4749 maxime
1822 4682 1991 4751 tres'
2037 4684 2358 4772 squadre,
2407 4706 2543 4772 que
2591 4682 2682 4750 ob
2727 4686 3067 4776 irrogatas
3110 4685 3183 4752 in
3230 4684 3521 4754 Rubeos
3565 4687 3850 4754 iniurias
3894 4687 4024 4756 du-

305 4791 629 4859 bitabant
673 4789 904 4878 puniri
954 4802 1023 4857 et
1069 4790 1465 4857 vendictam
1515 4790 1604 4858 de
1654 4791 1755 4857 eis
1797 4791 1967 4858 fieri.
2059 4791 2295 4858 Rubei
2357 4805 2611 4870 autem,
2673 4790 2924 4879 quibus
2992 4803 3134 4859 tres
3200 4793 3498 4882 squadre
3560 4794 4024 4875 minabantur,

184 4902 265 4963 40
313 4898 668 4986 quottidie
706 4897 1063 4964 civitatem
1094 4896 1376 4964 exibant
1422 4917 1577 4965 com
1626 4897 1828 4964 bonis
1874 4897 2013 4963 suis
2060 4909 2129 4965 et
2174 4899 2265 4964 ad
2298 4896 2455 4965 loca
2486 4911 2662 4965 tutta
2690 4921 2764 4965 se
2798 4899 3249 4967 reducebant.
3344 4902 3440 4969 Et
3469 4900 3569 4968 sic
3602 4912 3749 4969 tota
3779 4902 4031 4970 civitas

303 5005 677 5072 videbatur
722 5005 1021 5072 viduata.
1114 5006 1208 5072 Et
1252 5017 1329 5071 ut
1372 5026 1513 5092 pax
1556 5006 1688 5072 hec
1721 5006 1941 5085 fieret,
1973 5005 2194 5071 missit
2224 5005 2510 5072 domina
2541 5007 2816 5073 ducissa
2846 5006 3188 5086 Parmam,
3236 5007 3590 5076 dominum
3635 5009 4027 5097 Johannem

303 5111 673 5178 Andream
721 5107 1105 5202 Cagnolam
1155 5113 1243 5179 de
1289 5109 1722 5191 Mediolano,
1772 5132 1927 5180 com
1973 5112 2436 5199 impositione,
2484 5113 2671 5200 quod
2731 5113 2917 5181 bona
2976 5126 3417 5182 sacomanata
3477 5115 4026 5185 restituerentur.

304 5218 448 5284 Hic
498 5219 683 5284 enim
729 5238 801 5284 se
848 5220 921 5284 in
966 5218 1103 5285 hoc
1150 5217 1569 5297 intromissit,
1617 5219 1743 5285 sed
1777 5218 2201 5285 nollentibus
2246 5217 2471 5286 tribus
2516 5220 2832 5307 squadris
2877 5221 3238 5288 restituere
3288 5233 3359 5288 et
3401 5221 3672 5289 Rubeis
3700 5243 4030 5296 recusan-

308 5325 503 5392 tibus
549 5344 801 5411 pacem
846 5325 997 5391 sine
1044 5325 1504 5404 restitutione,
1556 5325 1743 5392 dicte
1793 5336 1934 5392 tres
1979 5325 2276 5413 squadre
2337 5326 2591 5392 multos
2652 5350 2740 5393 ex
2799 5327 3069 5395 Rubeis
3114 5348 3253 5402 non
3300 5340 3780 5396 sacomanatos
3824 5330 4031 5396 indu-

176 5431 257 5497 45
306 5443 571 5498 xerunt
616 5431 803 5497 dicte
850 5430 1012 5517 paci
1058 5430 1204 5497 sine
1253 5431 1604 5497 mentione
1651 5430 2135 5509 restitutionis3
2188 5444 2256 5498 et
2300 5430 2746 5499 minabantur
2791 5432 2948 5513 illis,
2995 5433 3115 5522 qui
3158 5432 3231 5500 in
3279 5456 3432 5502 eam
3499 5456 3748 5523 pacem
3811 5434 4030 5503 nolle-

303 5540 480 5606 bant
523 5539 782 5604 intrare
830 5537 919 5604 de
966 5536 1134 5604 vita.
1224 5539 1444 5606 Facta
1488 5537 1619 5604 fuit
1664 5561 1803 5625 pax
1848 5537 2034 5605 inter
2080 5559 2220 5619 eos,
2267 5537 2342 5604 in
2389 5561 2528 5627 qua
2559 5540 2787 5606 nullus
2818 5553 3297 5608 sacomanatus
3326 5541 3546 5609 voluit
3575 5541 3858 5623 intrare,
3891 5564 4025 5610 nec

304 5643 507 5711 multi
554 5644 700 5735 alij,
749 5645 867 5731 qui
916 5657 1112 5711 extra
1158 5644 1511 5712 civitatem
1558 5667 1633 5711 se
1679 5645 2123 5712 reduxerant.
2170 5645 2709 5734 Minabaturque
2755 5647 2858 5714 eis
2918 5647 3126 5715 etiam
3186 5669 3314 5735 per
3359 5649 3712 5715 dominum
3758 5649 4027 5718 Trista-

306 5775 495 5831 num,
545 5751 737 5840 quod
783 5751 1029 5818 domus
1076 5765 1146 5819 et
1193 5752 1376 5818 bona
1421 5747 1829 5819 nollentium
1874 5774 2122 5839 pacem
2170 5752 2411 5820 facere
2461 5754 3027 5834 confiscarentur,
3092 5754 3590 5823 derobarentur
3650 5767 3721 5823 et
3782 5758 4024 5823 demo-

306 5857 631 5923 lirentur.
726 5853 882 5920 Hec
926 5875 1065 5940 pax
1111 5855 1245 5920 fuit
1292 5854 1543 5921 canina
1588 5865 1658 5920 et
1702 5855 2030 5933 violenta,
2087 5866 2157 5923 et
2216 5877 2373 5922 cum
2438 5857 2647 5923 certis
2690 5857 2918 5944 pactis
2964 5869 3036 5925 et
3095 5857 3279 5924 inter
3338 5858 3480 5924 alia
3540 5858 3730 5947 quod
3787 5858 4024 5925 Rubei

177 5964 256 6029 50
298 5962 653 6031 deberent
698 5983 896 6028 arma
942 5982 1190 6048 capere
1240 5980 1397 6027 com
1445 5961 1653 6027 dictis
1698 5962 1914 6029 tribus
1960 5963 2295 6050 squadris‚
2343 5962 2401 6028 si
2453 5973 2522 6030 et
2584 5963 2864 6051 quando
2927 5961 3172 6054 aliquis
3235 5976 3440 6043 esset,
3503 5961 3624 6053 qui
3675 5963 3858 6032 velet
3920 5965 4020 6036 ci-

4180 861 4331 911 Mun..
4361 860 4443 902 256

4185 4280 4336 4325 ear

4177 4708 4331 4759 Mun..

4364 4707 4442 4751 2⁵7
