4895 7066
315 496 417 578 ῑᾸ.
453 501 630 563 1478
673 500 977 579 genunio]
1521 489 1629 568 IN
1684 488 2204 567 PARTIBUS
2260 488 2898 568 LOMBARDIE
3959 492 4050 567 21

344 653 431 660 -—-—

1098 654 1273 661 -->·-·--·---«
1292 654 1369 661 r-..n
1394 654 1497 660 ----“-
1526 654 1587 660 ----·‹
1616 654 1621 659 ι

334 761 406 826 in
447 772 693 839 nocte3
746 763 1298 849 ordinatumque
1344 762 1503 841 fuit,
1549 781 1636 828 ne
1681 772 2093 828 sonarentur
2136 780 2477 846 campane
2525 759 2805 827 tallibus
2862 759 3183 831 mortuis:
3270 760 3674 847 dictumque
3739 758 3871 826 fuit
3935 780 4065 845 per

342 868 704 954 deputatos
749 868 1156 955 superinde,
1204 867 1397 956 quod
1444 887 1764 934 numerus
1807 878 2232 934 mortuorum
2276 866 2429 952 ipso
2461 886 2644 933 anno
2691 866 2824 933 fuit
2870 866 2959 933 de
2991 865 3306 952 personis
3337 865 3578 954 viginti
3612 864 3880 932 duabus
3910 865 4069 930 mil-

340 973 531 1041 libus.
622 974 723 1041 Et
771 975 1010 1041 multis
1057 975 1309 1043 diebus
1354 976 1492 1041 hoc
1539 973 1835 1054 duravit,
1882 974 2075 1061 quod
2119 971 2633 1060 sepeliebantur
2674 972 2980 1060 trigenta
3022 972 3114 1039 ad
3158 972 3385 1038 minus
3429 972 3703 1061 singulo
3747 971 3889 1039 die.

506 1080 778 1170 Hyems
824 1081 1001 1148 dicti
1045 1080 1215 1147 anni
1260 1102 1304 1146 a
1349 1079 1584 1147 medio
1630 1078 2023 1147 novembris
2065 1101 2285 1169 usque
2332 1079 2426 1147 ad
2472 1078 2720 1146 Natale
2765 1090 2835 1146 et
2880 1078 3092 1145 etiam
3125 1100 3168 1145 a
3198 1078 3449 1145 Natale
3479 1098 3607 1165 per
3636 1089 3851 1145 totum
3884 1098 4067 1145 mar-

256 1188 294 1251 5
347 1186 524 1253 cium
567 1187 747 1253 anni
794 1187 1031 1276 sequti
1077 1186 1217 1255 fuit
1260 1187 1410 1254 sine
1457 1186 1622 1253 nive
1664 1198 1736 1255 et
1778 1186 2011 1276 glatie.

2103 1489 2336 1561 1478.

514 1702 734 1770 Anno
776 1715 1025 1791 postea
1068 1716 1318 1794 sequto
1373 1702 1538 1775 1478
1596 1705 1730 1771 hec
1776 1714 1972 1792 gesta
2017 1717 2196 1785 sunt,
2230 1705 2320 1771 de
2354 1703 2607 1791 quibus
2636 1704 2843 1783 infra,
2875 1704 3228 1771 videlicet.
3298 1704 3506 1771 Circa
3536 1705 3738 1770 finem
3765 1702 4058 1791 januarij

339 1810 511 1877 anni
562 1811 734 1881 1478
780 1811 1103 1878 dominus
1146 1812 1506 1879 Robertus
1551 1828 1640 1879 ex
1686 1811 1947 1879 Sancto
1997 1812 2355 1891 Severino,
2404 1812 2526 1899 qui
2572 1812 2931 1898 profectus
2978 1812 3072 1879 ad
3115 1831 3353 1900 regem
3396 1809 3848 1889 Francorum,
3912 1829 4065 1875 cre-

342 1918 519 1983 dens
561 1918 991 2004 stipendium
1038 1920 1374 2006 consequi
1420 1916 1508 1984 ab
1553 1919 1706 2005 ipso
1750 1938 1939 2008 rege,
1988 1918 2215 1985 eidem
2258 1918 2615 2004 pollicitus
2659 1929 2787 1996 est,
2835 1918 3026 2003 quod
3072 1938 3201 2003 per
3244 1929 3465 1985 totum
3512 1937 3816 1984 mensem
3846 1916 4060 2004 madij

220 2025 295 2088 10
338 2025 507 2089 anni
552 2025 905 2111 presentis
951 2046 1039 2090 ex
1082 2024 1313 2090 Itallia
1376 2025 1666 2091 duceret
1729 2024 1819 2093 ad
1876 2036 2112 2111 partes
2167 2025 2469 2091 Francie
2534 2026 2874 2092 ducentos
2933 2025 3318 2114 armigeros
3376 2024 3687 2091 Itallicos
3746 2035 3817 2090 et
3875 2043 4068 2089 more

340 2130 618 2209 Italico,
664 2152 797 2216 pro
841 2151 1115 2219 guerra,
1163 2152 1369 2218 quam
1432 2130 1623 2199 idem
1671 2152 1792 2197 rex
1852 2151 2134 2198 movere
2195 2130 2608 2198 intendebat
2667 2142 2914 2198 contra
2974 2130 3225 2197 ducem
3286 2151 3576 2217 parvum
3638 2130 4060 2220 Bregondie,

338 2237 884 2324 vociferansque
932 2250 1002 2304 et
1048 2238 1423 2323 predicans
1466 2259 1543 2303 se
1590 2236 2036 2323 capitaneum
2090 2237 2261 2304 dicti
2304 2237 2514 2325 regis,
2578 2257 2666 2305 ex
2709 2236 3023 2323 partibus
3068 2237 3370 2304 Francie
3415 2235 3698 2304 secessit
3748 2249 3818 2302 et
3875 2236 4069 2303 venit

341 2344 414 2408 in
460 2344 826 2411 civitatem
872 2343 1047 2424 Asti,
1109 2366 1317 2432 quam
1378 2356 1571 2412 tenet
1630 2345 1774 2410 dux
1830 2342 2144 2425 Aurelie,
2205 2366 2423 2434 gener
2476 2345 2650 2410 dicti
2702 2345 2911 2433 regis,
2965 2344 3036 2408 in
3092 2364 3231 2432 qua
3283 2343 3572 2410 civitate
3625 2344 3874 2410 multas
3925 2343 4070 2409 fieri

340 2449 517 2517 fecit
566 2450 824 2527 cridas,
872 2462 951 2517 ut
996 2452 1090 2517 ad
1135 2472 1334 2517 suum
1379 2450 1806 2537 stipendium
1853 2453 2282 2518 conduceret
2328 2462 2593 2539 gentes,
2641 2449 2882 2538 ibique
2925 2449 3208 2517 vivebat
3250 2450 3554 2516 maximo
3599 2469 3754 2516 com
3816 2450 4065 2515 timore

226 2556 296 2622 15
346 2569 566 2623 status
616 2556 1022 2637 Mediolani,
1068 2558 1396 2645 guardias
1442 2557 1775 2624 continue
1819 2578 1948 2644 pro
2010 2558 2309 2626 tuitione
2370 2579 2495 2625 sue
2563 2577 2857 2644 persone
2920 2557 3069 2623 fieri
3131 2556 3489 2623 faciendo.
3580 2556 3688 2622 Ex
3740 2555 4064 2642 opposito

342 2685 514 2730 vero
562 2663 854 2730 domina
898 2664 1177 2731 ducissa
1221 2663 1613 2731 Mediolani
1681 2665 1828 2730 fieri
1873 2666 2234 2733 mandavit
2277 2665 2880 2753 proclamationes,
2927 2684 3014 2730 ac
3069 2663 3538 2743 inhibitiones,
3585 2684 3673 2729 ne
3719 2662 4065 2751 quispiam

344 2772 435 2837 de
485 2770 805 2838 dominio
851 2771 1089 2837 ducali
1136 2773 1427 2839 auderet
1472 2770 1573 2838 ire
1619 2772 1711 2837 ad
1757 2772 2172 2858 stipendium
2219 2785 2417 2839 extra
2459 2773 2784 2840 civitates
2817 2771 2952 2860 lige
2996 2791 3117 2837 sue
3166 2771 3429 2851 Italice,
3477 2791 3610 2838 nec
3658 2787 3892 2858 eques,
3938 2789 4067 2835 nec

343 2879 585 2964 pedes,
632 2877 763 2954 sub
807 2900 993 2964 pena
1052 2877 1473 2945 rebellionis.
1565 2879 1724 2944 Hoc
1786 2878 1967 2944 idem
2012 2880 2359 2970 jusserunt
2402 2877 2519 2966 alij
2570 2876 2657 2946 de
2705 2878 3148 2965 colligatione
3213 2896 3368 2943 com
3411 2887 3597 2943 statu
3657 2875 4066 2956 Mediolani,

341 2985 577 3051 silicet
609 2984 891 3063 Veneti,
925 2984 1339 3063 Florentini,
1384 2982 1882 3064 Bononienses,
1930 2986 2247 3053 marchio
2316 2985 2609 3052 Mantue
2655 2996 2726 3050 et
2771 2985 2912 3051 dux
2955 2985 3012 3050 F
3015 2984 3239 3050 erarie
3283 2984 3361 3049 in
3425 3003 3660 3050 eorum
3720 2982 4066 3071 dominiis.

218 3094 301 3156 20
345 3090 438 3157 Et
500 3093 644 3157 hoc
688 3103 898 3177 pacto
944 3090 1136 3157 idem
1183 3091 1505 3157 dominus
1548 3090 1904 3159 Robertus
1949 3092 2230 3159 delusus
2274 3091 2629 3171 remansit,
2676 3091 2768 3157 ad
2814 3109 3021 3177 quem
3066 3090 3295 3156 nullus
3338 3088 3640 3180 armiger
3686 3089 3775 3155 de
3819 3087 4068 3155 civita-

340 3197 532 3264 tibus
578 3210 651 3264 et
694 3198 1009 3265 dominio
1041 3198 1227 3265 dicte
1274 3197 1740 3288 colligationis
1785 3199 2127 3266 accedere
2170 3211 2279 3267 est
2324 3219 2549 3266 ausus.

527 3304 799 3370 Eodem
844 3323 1081 3372 mense
1127 3304 1422 3393 januarij
1472 3303 1647 3371 dicti
1694 3305 1859 3371 anni
1914 3305 2079 3375 1478
2129 3306 2411 3372 domina
2453 3306 2732 3372 ducioea
2777 3304 3159 3372 Mediolani
3191 3303 3411 3371 missit
3441 3305 3536 3372 ad
3578 3305 4069 3390 imperatorem

345 3410 709 3477 dominum
770 3409 1525 3477 Guidonemantonium
1573 3411 1662 3478 de
1708 3409 2203 3490 Arcimboldis,
2264 3435 2480 3479 unum
2526 3432 2615 3478 ex
2663 3411 3073 3501 consiliarijs
3137 3410 3406 3498 consilij
3455 3410 3558 3476 sui
3603 3409 3879 3488 secreti,
3936 3428 4065 3495 pro

350 3515 755 3585 obtinendis
798 3516 1194 3608 privilegiis
1238 3518 1527 3585 creandi
1572 3518 2117 3607 primogenitum
2165 3519 2364 3586 ducis
2395 3518 2656 3587 Galeaz
2700 3529 2771 3586 et
2813 3518 3027 3605 ipsius
3057 3516 3341 3586 domine
3376 3515 3677 3585 ducisse'
3709 3516 3786 3582 in
3813 3517 4068 3583 ducem

217 3623 297 3690 25
344 3623 762 3704 Mediolani,
809 3646 853 3690 a
895 3645 1036 3712 quo
1079 3624 1503 3711 imperatore
1546 3624 1621 3691 id
1666 3625 1969 3716 benigne
2017 3626 2151 3692 fuit
2197 3625 2580 3694 obtentum.

529 3730 806 3797 Eodem
850 3752 1036 3798 anno
1092 3731 1257 3803 1478
1306 3743 1381 3799 et
1425 3752 1662 3798 mense
1706 3732 2006 3823 januarij
2056 3745 2504 3801 accesserunt
2548 3745 2863 3800 oratores
2892 3733 3077 3820 regis
3107 3730 3408 3800 Francie
3443 3733 3534 3799 ad
3558 3731 3909 3799 dominam
3939 3730 4070 3795 du-

346 3837 601 3903 cissam
646 3835 1060 3916 Mediolani,
1106 3837 1227 3925 qui
1273 3838 1453 3904 inter
1496 3837 1637 3905 alia
1698 3858 1935 3905 eorum
1978 3838 2452 3905 instructionis
2495 3851 2694 3926 parte
2741 3840 2914 3906 dicti
2960 3839 3147 3926 regis
3190 3839 3798 3906 recommisserunt
3842 3837 4071 3903 excel-

345 3944 562 4010 lentie
610 3965 733 4010 sue
779 3943 1047 4010 dictum
1094 3943 1453 4011 dominum
1494 3944 1881 4013 Robertum
1926 3956 1996 4012 et
2040 3965 2115 4012 se
2162 3945 2733 4024 intromisserunt‚
2778 3957 2857 4012 ut
2903 3947 3129 4033 ipsum
3177 3966 3334 4013 com
3364 3967 3448 4012 ea
3482 3945 3763 4012 domina
3793 3943 4072 4010 ducissa

350 4050 816 4138 pacificarent
863 4062 933 4117 et
976 4051 1522 4124 concordarent:
1573 4052 1765 4139 quod
1809 4051 2041 4119 locum
2087 4050 2348 4118 habere
2395 4073 2538 4120 non
2585 4053 2831 4139 potuit.

225 4159 308 4222 30
534 4156 806 4223 Eodem
848 4175 1033 4224 anno
1078 4169 1149 4224 et
1192 4177 1431 4223 mense
1474 4157 1770 4248 januarij
1819 4176 1977 4223 cum
2019 4158 2096 4223 in
2141 4170 2327 4225 terra
2389 4159 2710 4248 Corrigie
2773 4161 3005 4226 forent
3057 4159 3328 4227 reducti
3375 4159 3640 4226 banniti
3697 4159 3788 4224 de
3846 4156 4067 4224 tribus

348 4263 672 4351 squadris
717 4264 1032 4351 superius
1076 4263 1435 4342 nominati,
1482 4263 1748 4331 accidit
1793 4265 1982 4352 quod
2028 4265 2214 4331 inter
2259 4266 2317 4333 F
2320 4266 2715 4333 ranciscum
2764 4265 3192 4334 Sabadinum
3238 4280 3311 4333 et
3354 4263 3804 4333 Franciscum
3849 4263 4075 4331 Villa-

349 4392 517 4436 num
574 4374 606 4406 ⁸
629 4370 1010 4437 Mozonaso
1035 4417 1067 4452 ‚,
1122 4370 1365 4437 ambos
1406 4368 1647 4437 exules
1693 4382 1763 4438 et
1807 4371 1897 4437 de
1942 4370 2196 4459 quibus
2240 4383 2502 4440 tactum
2549 4384 2651 4440 est
2695 4373 3033 4460 superius,
3079 4384 3232 4440 orta
3276 4373 3408 4439 fuit
3437 4373 3596 4438 rixa
3626 4383 3696 4438 et
3725 4370 3929 4438 ambo
3962 4392 4073 4436 ar-

351 4477 523 4543 mati
570 4495 647 4543 se
692 4476 1164 4543 invitaverunt
1207 4469 1299 4542 ad
1344 4478 1771 4564 spadazatas.
1860 4477 2041 4546 Inito
2086 4478 2269 4547 inter
2311 4499 2432 4547 eos
2477 4481 2705 4567 prelio
2760 4481 3175 4547 Franciscus
3219 4480 3613 4547 Sabadinus
3657 4478 3921 4545 occidit
3964 4477 4070 4540 in-

351 4583 658 4650 mediate
707 4582 969 4650 dictum
1029 4586 1060 4620 “
1084 4583 1465 4653 Mozonaso
1491 4631 1554 4666 „,
1601 4607 1807 4673 quam
1854 4585 2085 4651 multis
2129 4586 2526 4654 vulneribus
2559 4590 2947 4655 confosum.
3039 4587 3146 4652 Ex
3191 4607 3330 4674 quo
3377 4587 3682 4654 lucratus
3713 4597 3816 4652 est
3845 4603 4077 4650 exem-

225 4689 305 4755 35
352 4690 661 4776 ptionem
710 4701 780 4757 et
822 4689 1118 4778 gratiam
1164 4689 1254 4757 ab
1284 4690 1495 4757 exilio
1529 4702 1599 4757 et
1631 4692 2125 4759 confiscatione
2156 4691 2496 4759 bonorum
2541 4715 2853 4772 suorum3
2896 4706 2986 4774 et,
3019 4695 3262 4783 vigore
3294 4692 3916 4780 proclamationum
3947 4690 4076 4756 do-

350 4797 525 4862 mini
572 4795 1074 4883 gubernatoris,
1119 4797 1211 4865 de
1257 4797 1507 4885 quibus
1550 4819 1780 4885 supra,
1828 4798 2048 4866 libere
2096 4800 2226 4866 fuit
2257 4821 2574 4868 reversus
2605 4803 2677 4866 in
2706 4802 3006 4888 patriam
3034 4822 3226 4866 suam
3256 4799 3723 4866 Parmensem.
3816 4783 3908 4865 Et
3937 4799 4072 4865 hoc

354 4905 490 4970 fuit
535 4904 729 4969 aliud
770 4904 1095 4993 juditium
1141 4905 1473 4984 divinum,
1518 4926 1677 4972 nam
1723 4905 1843 4971 hic
1900 4909 1931 4942 ‘⁴
1955 4906 2338 4974 Mozonaso
2362 4956 2391 4990 „
2463 4908 2695 4975 fuerat
2739 4907 3044 4973 maxima
3099 4928 3308 4974 causa
3368 4907 3735 4974 multarum
3781 4905 4073 4972 seditio-

352 5031 519 5076 num
563 5011 639 5075 in
682 5009 937 5077 Parma
981 5021 1054 5076 et
1097 5010 1511 5080 interfuerat
1557 5012 2048 5099 depredationi
2093 5013 2373 5081 abbatie
2421 5027 2492 5083 et
2538 5014 2839 5082 ecclesie
2883 5015 3108 5080 sancti
3151 5015 3517 5103 johannis.

534 5116 638 5182 Ut
681 5128 911 5184 autem
957 5118 1388 5185 sacomanati
1433 5118 1523 5185 de
1567 5119 1869 5207 squadra
1909 5119 2164 5187 Rubea
2209 5135 2794 5209 consequerentur
2837 5121 3385 5188 satisfactionem
3437 5143 3630 5190 suam
3676 5123 3868 5211 juxta
3911 5143 4075 5207 pro-

230 5227 309 5289 40
351 5224 564 5290 missa
603 5224 883 5290 domine
926 5224 1201 5291 ducisse
1245 5235 1316 5291 et
1360 5244 1488 5312 pro
1549 5225 1955 5292 executione
2024 5227 2520 5294 declarationis
2588 5228 2963 5315 superinde
3022 5229 3236 5308 facte,
3300 5228 3667 5296 misserunt
3729 5229 3819 5295 de
3882 5228 4074 5294 dicto

351 5351 593 5398 mense
634 5330 925 5421 januarij
976 5331 1069 5397 ad
1113 5331 1463 5398 dominam
1510 5332 1853 5399 ducissam
1886 5353 2014 5420 pro
2045 5334 2435 5401 oratoribus
2467 5335 2966 5421 Gasparrinum
2998 5337 3092 5402 da
3125 5335 3190 5401 la
3219 5335 3555 5402 Cavanna
3584 5346 3655 5402 et
3684 5335 4072 5423 Johannem

352 5436 741 5525 Baptistam
789 5438 880 5505 de
926 5437 1380 5507 Garimbertis
1424 5438 1667 5506 ambos
1714 5439 1804 5507 de
1850 5461 2136 5506 numero
2186 5453 2255 5507 et
2301 5442 2650 5510 consortio
2696 5454 3318 5522 sacomanatorum,
3352 5444 3470 5530 qui
3506 5443 3843 5530 quottidie
3875 5462 4076 5508 aures

352 5545 635 5611 domine
705 5545 1002 5624 ducisse,
1051 5559 1120 5611 et
1161 5558 1441 5613 senatus
1484 5547 1588 5612 sui
1634 5548 1842 5614 castri
1910 5548 2412 5634 propulsabant
2477 5561 2542 5615 et
2603 5548 3028 5615 infestabant
3097 5569 3226 5635 pro
3293 5569 3531 5615 eorum
3597 5549 4076 5616 satisfactione

354 5652 549 5740 juxta
593 5651 857 5719 dictam
901 5651 1201 5740 primam
1248 5652 1812 5742 declarationem.
1904 5656 2015 5721 Ex
2060 5655 2382 5741 opposito
2428 5668 2658 5721 autem
2710 5657 3154 5723 condemnati
3202 5655 3593 5723 Mediolani
3639 5655 3930 5745 relegati
3962 5678 4078 5721 re-

232 5758 310 5824 45
358 5758 698 5826 cusabant
742 5759 1041 5838 solvere,
1089 5760 1403 5826 dicentes
1451 5760 1666 5827 fuisse
1712 5760 1969 5827 iniuste
2018 5763 2524 5830 condemnatos
2572 5775 2643 5831 et
2686 5763 3107 5830 taxationem
3155 5764 3312 5829 fore
3382 5762 3832 5840 excessivam,
3879 5774 4072 5849 pete-

354 5866 665 5956 bantque
710 5865 1025 5932 revideri
1069 5866 1335 5944 denu03
1382 5879 1453 5933 et
1498 5867 1590 5934 ad
1635 5867 1772 5934 hoc
1821 5869 1920 5934 eis
1966 5868 2302 5935 favebant
2348 5869 2672 5936 dominus
2716 5868 3071 5957 johannes
3118 5871 3207 5936 de
3257 5870 3590 5956 Scipiono
3637 5882 3709 5937 et
3754 5870 4076 5936 nonnulli

349 5974 467 6068 alij
510 5972 925 6063 consiliarii,
975 5984 1623 6062 temptaveruntque
1666 5975 2148 6057 concordium,
2194 5976 2658 6044 mediantibus
2690 5978 2975 6047 domino
3006 5975 3395 6066 Augustino
3429 5978 3518 6044 de
3550 5977 3817 6045 Rubeis
3849 5990 3919 6044 et
3949 5979 4077 6046 do-

4220 3532 4374 3582 Mun..

4215 4184 4401 4218 ἔιδον

4403 3530 4484 3576 27³
