4895 7066
280 495 369 569 [Α.
406 499 563 554 1482
596 499 975 572 settembre]
1433 485 1546 559 IN
1598 485 2114 560 PARTIBUS
2171 488 2803 564 LOMBARDIE
3821 487 3961 563 115

278 747 379 835 qui
414 747 691 814 Berceti
736 771 1007 817 moram
1054 751 1369 819 trahebat
1414 765 1484 817 et
1528 752 1808 818 domino
1842 751 2146 818 Guidoni
2177 752 2373 819 fratri
2403 774 2526 820 suo
2557 754 2844 821 multum
2891 764 3039 820 erat
3069 752 3379 832 infestus,
3429 750 3797 838 occupavit
3838 749 3969 837 ipsi

282 853 536 921 domino
583 855 899 924 Guidoni
946 856 1316 925 Bercetum
1377 871 1447 925 et
1489 859 1814 926 Rocham
1874 857 2491 939 Predambalciam,
2554 880 2835 948 gueram
2899 878 3184 927 movens
3249 857 3443 926 fratri
3503 870 3574 925 et
3631 878 3708 923 se
3767 857 3968 924 statui

279 959 635 1027 Mediolani
685 964 980 1044 adhesit,
1028 965 1627 1052 Pallavicinisque,
1677 984 1763 1031 ex
1811 985 1918 1043 eo,
1966 965 2127 1051 quia
2185 966 2409 1033 dictus
2470 988 2630 1033 suus
2689 979 2886 1053 pater
2947 965 3159 1032 multa
3205 977 3429 1032 castra
3472 963 3602 1031 sibi
3646 963 3719 1030 in
3762 975 3968 1031 testa·

280 1079 486 1133 mento
533 1069 705 1134 alias
752 1071 1035 1138 condito
1081 1073 1481 1138 dimisserat.

210 1173 239 1238 5
432 1174 583 1240 Hoc
632 1176 841 1241 etiam
885 1179 1317 1265 persentiens
1360 1180 1677 1245 dominus
1722 1179 2077 1268 Johannes
2122 1179 2211 1246 de
2243 1179 2510 1248 Rubeis
2541 1181 2755 1247 frater
2802 1180 2972 1247 dicti
3002 1177 3261 1246 domini
3308 1176 3644 1245 Guidonis
3689 1196 3732 1241 a
3775 1186 3973 1263 patre

275 1281 423 1346 alias
479 1283 806 1367 expulsus
852 1296 921 1350 et
969 1285 1466 1364 exhere'datus,
1512 1285 1720 1374 Regij
1768 1297 1974 1364 stans,
2022 1287 2315 1354 accessit
2359 1286 2702 1365 Fillinum‚
2753 1287 2935 1354 malo
2996 1299 3227 1352 tamen
3272 1283 3523 1363 animo,
3570 1281 3688 1349 ubi
3721 1294 3962 1368 captus

273 1401 335 1452 et
375 1387 761 1475 detemptus
806 1390 958 1457 fuit.
1053 1391 1196 1458 Sed
1255 1404 1499 1478 postea
1558 1413 1697 1458 una
1741 1405 1947 1458 nocte
1994 1393 2231 1481 fugam
2277 1393 2450 1460 fecit
2496 1393 2747 1460 auxilio
2795 1394 3177 1460 custodum.

428 1493 671 1561 Tertio
718 1497 1127 1582 septembris
1172 1500 1594 1565 reverendus
1625 1498 1941 1564 dominus
1974 1499 2206 1567 Guido
2237 1500 2560 1568 Torellus
2590 1500 3100 1587 protonotarius
3146 1496 3612 1585 appostolicus
3646 1493 3736 1562 ob
3781 1513 3970 1560 mor-

264 1613 389 1665 tem
432 1602 703 1668 comitis
747 1602 1056 1670 Amorati
1101 1605 1331 1671 fratris
1361 1605 1484 1685 sui,
1519 1627 1676 1672 com
1706 1605 1985 1672 licentia
2014 1607 2253 1672 summi
2283 1607 2629 1694 pontificis
2659 1629 2848 1673 arma
2879 1605 3160 1692 sumpsit
3195 1617 3265 1671 et
3294 1603 3483 1670 venit
3513 1601 3833 1669 Fillinum
3877 1599 3971 1665 ad

166 1709 230 1771 10
270 1706 823 1794 gubernationem
869 1711 1171 1798 gentium
1219 1712 1705 1800 armigeramm
1753 1713 2101 1798 quondam
2133 1713 2401 1780 comitis
2431 1713 2743 1780 Amorati
2774 1714 2845 1778 in
2876 1712 3128 1779 auxilio
3161 1709 3566 1777 Rubeorum
3601 1720 3673 1774 et
3702 1728 3776 1773 se
3825 1706 3973 1772 col-

268 1813 487 1902 ligavit
530 1816 902 1902 magnifico
951 1818 1231 1884 domino
1278 1818 1547 1907 jacobo
1593 1817 1847 1886 Rubeo
1896 1820 2090 1885 fratri
2136 1820 2302 1887 dicti
2354 1821 2611 1887 domini
2660 1820 3016 1898 Guidonis,
3065 1818 3180 1905 qui
3228 1817 3434 1884 etiam
3480 1814 3652 1881 alias
3697 1835 3740 1879 a
3770 1823 3966 1899 patre

264 1919 566 2005 expulsus
613 1933 685 1987 et
731 1923 1191 1991 exheredatus
1234 1925 1464 1991 fuerat
1507 1946 1646 1990 una
1691 1945 1848 1992 com
1892 1926 2213 2012 prefacto
2262 1927 2541 1994 domino
2587 1927 2902 2014 Johanne
2966 1937 3039 1992 et
3098 1924 3192 1990 ad
3224 1922 3520 2011 gratiam
3565 1919 3780 2008 redijt
3837 1938 3968 2004 per

263 2037 536 2091 mortem
585 2029 860 2095 comitis
902 2028 1259 2109 Amorati‚'
1305 2032 1729 2117 sumpsitque
1772 2031 2184 2117 provintiam
2217 2033 2522 2121 gentium
2557 2033 3048 2122 armigeramm
3080 2029 3489 2097 Rubearum
3523 2026 3599 2092 in
3645 2023 3962 2092 absentia

265 2143 328 2197 et
367 2133 522 2198 loco
570 2134 838 2200 domini
889 2135 1229 2202 Guidonis
1275 2137 1510 2203 fratris
1553 2139 1659 2203 sui
1705 2136 1774 2201 in
1823 2137 2081 2204 Sancto
2128 2138 2458 2206 Secundo
2490 2138 2871 2207 existentis.

158 2237 223 2301 15
430 2238 643 2305 Sexto
687 2242 1102 2326 septembris
1148 2242 1428 2310 Sforcia
1471 2229 1760 2310 recessit
1821 2263 1977 2310 com
2038 2266 2176 2310 una
2236 2246 2538 2331 squadra
2600 2244 3097 2334 armigerorum
3144 2256 3217 2311 et
3263 2242 3475 2309 certis
3523 2237 3884 2325 peditibus
3928 2257 3972 2302 a

266 2344 508 2410 Sancto
552 2345 885 2414 Secundo
933 2359 1003 2412 et
1049 2350 1239 2414 venit
1300 2348 1646 2428 Parmam,
1693 2350 1996 2437 dumque
2060 2362 2238 2417 esset
2279 2351 2353 2416 in
2400 2351 2691 2419 transitu
2753 2352 2845 2418 ad
2908 2352 3291 2438 Grugnum‚
3335 2345 3702 2413 insultatus
3745 2343 3883 2438 tuit
3925 2363 3969 2408 a

260 2451 613 2538 magnifico
662 2453 949 2520 domino
997 2454 1344 2534 Guidone‚
1391 2457 1510 2542 qui
1557 2455 1806 2522 multos
1839 2476 1925 2521 ex
1961 2457 2058 2522 eis
2091 2458 2278 2545 cepit
2309 2470 2378 2524 et
2409 2458 2660 2524 multos
2689 2457 2986 2534 occidit3
3035 2456 3364 2542 idemque
3397 2450 3679 2520 Sforcia
3713 2447 3965 2516 exinde

260 2558 561 2622 transivit
607 2559 968 2626 Ferariam
1018 2581 1173 2627 com
1223 2561 1432 2627 dictis
1476 2561 1821 2649 gentibus,
1868 2564 2149 2629 dimisso
2195 2563 2286 2630 ad
2332 2563 2763 2630 obsidionem
2813 2562 3050 2629 Sancti
3099 2558 3402 2628 Secundi
3448 2556 3731 2624 domino
3785 2576 3966 2619 mar-

264 2663 498 2729 chione
542 2665 1041 2746 Montisferati,
1089 2668 1371 2734 domino
1418 2668 1734 2754 Johanne
1767 2667 2033 2754 Jacobo
2065 2669 2153 2735 de
2181 2669 2555 2748 Trivulti0,
2590 2667 2874 2736 domino
2902 2668 3180 2735 Thoma
3225 2664 3625 2731 marchione
3677 2659 3964 2750 Sellucij

152 2771 225 2833 20
267 2783 331 2834 et
372 2771 517 2859 alijs
558 2771 817 2851 multis,
866 2791 1022 2839 com
1067 2774 1388 2861 squadris
1433 2775 1931 2862 armigerorum
1976 2775 2224 2863 viginti
2270 2776 2579 2864 quinque
2629 2787 2699 2841 et
2743 2774 3096 2862 peditibus
3143 2771 3413 2840 duobus
3454 2769 3664 2835 mille.

422 2876 545 2943 Die
593 2878 892 2964 septima
940 2879 1343 2966 septembris
1385 2879 1697 2966 plantate
1744 2891 1904 2947 sunt
1949 2880 2275 2947 adversus
2307 2881 2639 2948 Sanctum
2688 2880 3089 2947 Secundum
3120 2899 3259 2945 una
3289 2874 3675 2944 bombarda
3706 2872 3956 2960 ingens

266 2994 332 3048 et
371 3005 568 3047 unum
617 2985 1043 3064 mortarium,
1092 2986 1207 3052 die
1254 2997 1607 3073 noctuque
1653 2986 2137 3072 propulsantes
2183 2999 2254 3054 et
2302 2989 2555 3054 damna
2584 2986 2804 3052 multa
2845 2986 3231 3052 inferentes
3262 2994 3333 3048 et
3362 2982 3550 3047 infra
3579 2980 3756 3045 duos
3783 2978 3959 3044 alios

265 3088 409 3155 dies
446 3091 751 3176 plantate
797 3103 958 3157 sunt
1014 3091 1144 3158 alie
1190 3104 1487 3179 quatuor
1532 3090 1933 3158 bombarde.
2030 3090 2191 3169 Quo
2235 3092 2467 3158 iterim
2513 3092 2918 3179 magnificus
2966 3090 3283 3157 dominus
3330 3086 3562 3155 Guido
3607 3084 3823 3150 multa
3851 3103 3964 3148 re-

257 3215 415 3279 para
454 3196 624 3263 fecit
670 3197 861 3263 intus
907 3216 1060 3264 com
1091 3196 1420 3285 ageribus
1453 3208 1522 3264 et
1555 3197 1758 3263 fossis
1788 3209 1860 3264 et
1891 3197 2051 3286 alijs
2079 3197 2171 3264 ad
2204 3198 2683 3265 defensionem
2717 3197 2921 3284 aptis,
2954 3196 3246 3263 viriliter
3274 3213 3348 3262 se
3381 3190 3773 3259 defendens
3805 3209 3962 3256 com

148 3295 221 3363 25
262 3322 493 3389 magna
535 3302 981 3370 inimicorum
1031 3305 1226 3370 cede.

414 3409 656 3476 Tertio
705 3410 983 3476 decimo
1028 3410 1437 3497 septembris
1480 3409 1768 3477 illustris
1830 3411 2150 3478 dominus
2202 3409 2589 3478 Federicus
2637 3411 2780 3477 dux
2824 3410 3096 3489 Urbini,
3158 3409 3276 3497 qui
3340 3429 3381 3473 a
3444 3405 3689 3472 castris
3749 3403 3961 3469 Fera-

255 3513 575 3583 riensibus
621 3517 766 3606 lige
816 3516 1216 3604 capitaneus
1262 3516 1564 3584 infirmus
1612 3529 2012 3597 recesserat,
2062 3518 2438 3605 desperans
2472 3517 2561 3584 de
2594 3516 2863 3598 sallute,
2896 3515 3214 3584 Bononie
3248 3523 3565 3602 portatus
3597 3509 3729 3579 fuit
3760 3520 3834 3579 et
3860 3509 3962 3578 ibi

263 3620 459 3686 vitam
504 3623 751 3689 finivit.

418 3725 959 3805 Quintodecimo
1002 3730 1420 3816 septembris
1472 3730 1778 3818 Jacobus
1846 3731 1936 3797 de
1998 3730 2558 3800 Rochablancha
2601 3731 2793 3818 prius
2852 3749 3067 3817 penes
3128 3727 3478 3794 dominum
3543 3722 3959 3805 Guidonem,

153 3831 219 3895 30
256 3834 485 3914 audax,
530 3847 853 3901 strenuus
898 3848 969 3902 et
1019 3836 1276 3903 allacer
1318 3837 1392 3902 in
1439 3837 1680 3904 castris
1725 3836 2077 3916 millitans,
2127 3857 2284 3905 com
2331 3837 2560 3925 sagita
2602 3838 2674 3902 in
2707 3857 2891 3926 genu
2921 3836 3339 3913 vulneratus,
3384 3844 3463 3899 ut
3494 3830 3807 3898 creditur
3837 3850 3956 3896 ve-

258 3952 528 4006 nenatus
572 3940 747 4030 obijt
793 3941 867 4006 in
917 3941 1178 4009 Sancto
1227 3943 1576 4011 Secundo.

416 4047 566 4113 Hoc
615 4049 825 4114 etiam
874 4061 1191 4134 tempore
1240 4051 1431 4136 capti
1478 4062 1636 4116 sunt
1681 4051 1754 4116 in
1803 4050 2068 4117 Sancto
2132 4050 2463 4117 Secundo
2510 4063 2804 4138 quatuor
2851 4070 2938 4118 ex
2982 4046 3418 4135 stipendiatis
3463 4044 3732 4112 domini
3780 4043 3949 4110 Gui-

264 4153 465 4231 donis,
511 4156 696 4221 inter
742 4175 917 4242 quos
960 4155 1206 4221 aderat
1252 4176 1429 4222 unus
1459 4154 1681 4222 bonus
1712 4154 2289 4235 bombarderius,'
2323 4156 2442 4244 qui
2479 4156 2728 4222 curlati
2774 4155 3082 4223 confessi
3113 4165 3271 4220 sunt
3302 4151 3547 4219 ordine
3593 4149 3762 4217 dato
3794 4169 3950 4216 com

264 4257 516 4326 Sforcia
557 4261 864 4348 pecunia
908 4263 1237 4347 corrupti,
1286 4262 1440 4329 vele
1489 4262 1845 4329 dominum
1891 4262 2286 4329 Guidonem
2332 4281 2708 4342 venenare,
2755 4262 2943 4328 unde
2991 4280 3112 4327 eos
3156 4280 3364 4345 super
3399 4258 3662 4347 teraliJ‘s
3708 4255 3954 4323 Sancti

168 4360 229 4425 35
266 4363 547 4434 Secundi
589 4388 828 4433 versus
875 4381 1102 4434 castra
1148 4368 1430 4435 ducalia
1474 4388 1601 4455 per
1646 4368 1904 4457 gullam
1952 4368 2255 4455 appendi
2302 4368 2496 4434 fecit.

415 4474 669 4541 Circha
698 4473 1004 4540 medium
1038 4475 1208 4541 dicti
1240 4476 1493 4541 mensis
1524 4474 1937 4560 septembris
1968 4474 2375 4564 magnificus
2404 4474 2723 4542 dominus
2753 4475 3106 4542 Robertus
3153 4475 3241 4541 de
3288 4470 3640 4538 Arrimino
3689 4470 3953 4556 capita-

265 4597 410 4646 neus
436 4580 750 4646 Venetus
781 4582 851 4646 in
886 4601 1055 4669 agro
1084 4580 1409 4648 Romano
1457 4582 1786 4647 millitans
1833 4583 2165 4648 adversus
2196 4580 2735 4669 Arragonenses,
2768 4583 3025 4670 quique
3059 4600 3178 4648 eos
3209 4580 3317 4646 his
3345 4577 3674 4666 proximis
3705 4574 3954 4643 diebus

264 4700 512 4771 ruperat
557 4699 629 4753 et
674 4699 940 4753 tantum
987 4689 1075 4752 de
1120 4689 1221 4753 eis
1265 4687 1686 4775 triumphum
1747 4699 2249 4773 reportaverat,
2296 4686 2526 4752 Rome
2575 4687 2961 4754 infirmatus
3004 4698 3075 4753 et
3118 4698 3196 4753 ut
3247 4685 3527 4763 dicitur,
3589 4681 3958 4769 epidemia,

269 4792 445 4858 etiam
491 4792 837 4880 aliquibus
884 4791 1280 4860 dicentibus
1327 4814 1621 4873 veneno,
1669 4805 1981 4860 mortuus
2029 4804 2154 4860 est.
3751 4808 3760 4817 ·

177 4894 236 4958 40
415 4899 569 4965 Hoc
617 4911 932 4985 ternpore
978 4897 1215 4965 habita
1260 4898 1393 4965 fuit
1437 4900 1737 4964 maxima
1780 4900 2101 4985 praticha
2146 4919 2303 4965 com
2349 4899 2935 4965 reverendissimo
2982 4900 3261 4965 domino
3315 4895 3625 4963 Ascanio
3681 4894 3958 4962 Sforcia

266 5003 547 5093 relegato
594 5026 638 5069 a
682 5015 862 5070 statu
906 5002 1314 5083 Mediolani,
1347 5015 1424 5069 ut
1456 5004 1709 5070 Veneti
1739 5005 1961 5091 ipsum
1993 5005 2517 5070 introducerent
2546 5004 2638 5070 ad
2669 5005 3087 5071 movendum
3117 5022 3438 5091 guerram
3472 5002 3637 5068 duci
3668 4999 3951 5067 Medio-

264 5108 377 5173 lani
420 5111 489 5175 in
536 5108 927 5175 confinibus
972 5109 1224 5176 Glaree
1271 5106 1521 5176 Abdue
1568 5122 1638 5176 et
1683 5132 1837 5176 cum
1885 5131 1927 5175 a
1976 5110 2263 5177 Venetis
2307 5111 2630 5201 Venetijs
2674 5111 3073 5197 sumpsisset
3117 5130 3365 5176 aureos
3418 5108 3718 5196 trigenta
3763 5105 3953 5171 mille

263 5235 365 5298 pro
406 5216 760 5282 solvendis
819 5216 1314 5306 stipendiarijs,
1361 5218 1634 5305 jamque
1696 5216 1788 5282 ad
1850 5216 2148 5282 confinia
2211 5236 2286 5282 se
2350 5216 2825 5296 transtulisset,
2890 5228 3255 5304 corruptus
3304 5237 3345 5281 a
3388 5215 3609 5280 fratre
3672 5212 3953 5279 domino

265 5317 600 5388 Ludovico
664 5321 965 5398 Sforcia,
1013 5321 1262 5388 fraude
1314 5322 1526 5400 facta,
1572 5321 2055 5389 Mediolanum
2101 5322 2392 5408 perexit.
2489 5322 2917 5408 Sperabatur
2969 5343 3250 5411 quoque
3297 5342 3381 5388 eo
3426 5320 3656 5386 medio
3709 5329 3956 5407 gentes

180 5420 237 5485 ⁴5
270 5425 544 5493 ducalles
591 5426 994 5494 obsidentes
1043 5427 1373 5494 Sanctum
1407 5429 1804 5495 Secundum
1838 5428 1925 5495 ab
1960 5427 2322 5494 obsidione
2356 5448 2767 5507 recessuras,
2799 5441 2874 5497 ut
2908 5429 3213 5495 confinia
3256 5426 3510 5495 Abdue
3556 5435 3953 5500 tuerentur3

271 5533 365 5597 sed
407 5534 557 5619 plus
605 5536 823 5611 fraus,
873 5553 1079 5621 quam
1126 5533 1390 5624 justitia
1436 5534 1663 5599 locum
1711 5533 1970 5600 habuit.

410 5642 768 5730 Vigesimo
816 5641 1061 5728 quinto
1107 5639 1523 5726 septembris
1567 5640 1846 5707 Luchas
1890 5637 2226 5728 Attanasij
2263 5642 2351 5707 de
2382 5641 2683 5731 Ferarijs
2729 5642 2906 5706 civis
2952 5642 3198 5708 Parme
3247 5642 3336 5707 de
3381 5637 3681 5727 squadra
3713 5635 3950 5704 Sancti

269 5744 499 5815 Vitallis
549 5746 1091 5837 cognominatus
1149 5746 1273 5812 “la
1319 5746 1720 5814 Frombulla
1746 5795 1775 5827 „
1799 5796 1817 5825 ,
1864 5747 2095 5813 audax
2143 5759 2209 5813 et
2255 5748 2690 5814 facinorosus
2737 5748 2952 5814 vitam
3002 5746 3313 5815 febribus
3356 5745 3598 5813 finivit.

395 5855 798 5922 Penultimo
845 5853 1258 5941 septembris
1308 5874 1461 5918 cum
1510 5852 1922 5920 Beltrandus
1954 5855 2074 5919 de'
2106 5852 2377 5920 Rubeis
2423 5854 2752 5920 naturalis
2785 5854 3182 5940 sepedictus
3211 5853 3671 5920 machinasset
3700 5864 3945 5918 contra

172 5956 227 6023 50
254 5964 663 6054 magnificum
732 5961 1096 6028 dominum
1146 5960 1539 6026 Guidonem
1602 5960 1887 6029 fratrem
1947 5982 2145 6026 suum
2208 5973 2478 6027 mortuo
2539 5973 2741 6048 patre
2788 5973 2858 6028 et
2904 5961 3005 6027 sic
3050 5959 3543 6029 introduxisset
3596 5959 3948 6031 dominum

4114 1300 4277 1355 uua..
4301 1299 4386 1346 :m

4108 2053 4152 2088 C.
4178 2051 4264 2093 123
4293 2055 4322 2085 Υ

4108 4180 4150 4212 C·
4180 4176 4269 4219 ns
4296 4180 4329 4213 O

4095 5867 4262 5919 Mun„
4290 5865 4373 5910 392
