4895 7066
279 461 382 531 [A.
425 468 605 521 1400
640 463 933 535 rebbraio]
1454 454 1569 526 IN
1622 451 2135 526 PARTlBUS
2192 452 2826 527 LOMBARDIE
3893 457 3988 530 05

942 600 2913 612 mm·.·..n...u0-⁴......oa-mnnoomon-...umm-umamnu-0amm-mom-nn—nmmffl.unuou0nm.
2921 604 2972 613 ..no
2979 604 3425 612 -.-.·-.-.·--=-—-----0-—.-1-·2—0-1·--
3441 606 3471 612 ι..
3477 605 3601 613 »αι-μη..
3640 606 3995 618 „mn-mmm

452 717 728 785 Octavo
759 715 1095 807 februarij
1133 714 1304 782 dicti
1333 717 1496 782 anni
1535 716 1704 782 1480
1732 715 2020 782 Borsius
2050 714 2229 781 filius
2259 714 2529 783 domini
2558 714 2922 783 Manfredi
2954 717 3046 784 de
3079 716 3402 806 Corrigia
3432 717 3622 784 venit
3650 717 3994 800 Parmam,

265 823 491 890 iturus
540 823 1019 891 Mediolanum
1050 835 1120 890 et
1163 822 1521 912 allogiavit
1566 822 1642 887 in
1687 820 2005 888 domibus
2036 820 2298 887 domini
2329 821 2671 909 Johannis
2701 822 3059 889 Francisci
3106 823 3436 891 Cantelli.
3526 824 3732 891 Nona
3762 838 3995 894 autem

266 931 386 995 die
434 930 728 997 recessit
773 950 1078 1018 pergens
1121 929 1649 997 Fontanelatam
1681 948 1809 1015 pro
1841 946 1982 993 uno
2012 948 2191 995 sero.
2284 927 2465 993 Nam
2500 948 2734 995 comes
2767 928 3071 1016 Jacobus
3101 929 3191 995 de
3225 929 3487 997 Sancto
3537 931 3775 998 Vitalli
3819 931 3996 999 filius

262 1039 627 1123 quondam
674 1037 956 1104 comitis
987 1036 1290 1103 Steffani
1324 1036 1413 1102 de
1444 1034 1711 1101 recenti
1744 1044 2145 1121 susceperat
2192 1033 2262 1100 in
2310 1032 2596 1105 uxorem
2631 1055 2934 1101 sororem
2967 1035 3141 1101 dicti
3171 1036 3418 1126 Borsij,
3451 1049 3723 1102 mortua
3767 1040 3993 1126 prima

178 1140 213 1207 5
260 1143 413 1209 eius
459 1166 681 1210 uxore
724 1143 867 1209 filia
926 1143 1195 1211 domini
1245 1141 1583 1231 Johannis
1644 1142 1735 1208 de
1797 1139 2089 1227 Sipiono
2151 1161 2237 1206 ex
2297 1139 2766 1209 Pallavicinis.
2861 1141 3021 1207 Fuit
3081 1141 3352 1221 mirum,
3417 1143 3606 1229 quod
3651 1164 3735 1210 eo
3782 1165 3990 1226 anno,

257 1271 402 1337 quo
452 1253 641 1318 idem
690 1251 1020 1319 dominus
1064 1250 1421 1337 Johannes
1468 1248 1556 1315 de
1603 1245 1940 1334 Scipione
1991 1247 2307 1326 decessit,
2340 1259 2417 1313 ut
2447 1259 2798 1314 narratum
2833 1260 2958 1326 est,
2988 1268 3076 1314 eo
3112 1248 3394 1335 quidem
3427 1261 3739 1336 tempore
3771 1253 3993 1319 frater

256 1359 411 1423 eius
462 1359 789 1426 dominus
834 1357 1193 1424 Nicollaus
1244 1357 1321 1423 in
1383 1356 1605 1443 prelio
1667 1353 1907 1422 ducali
1968 1364 2214 1419 contra
2273 1353 2658 1440 Januenses
2703 1353 3154 1421 obtruncatus
3200 1365 3324 1434 est,
3371 1376 3550 1422 uxor
3593 1376 3871 1446 quoque
3919 1371 3991 1425 et

254 1463 457 1530 dicta
506 1465 649 1531 eius
694 1466 838 1531 filia
882 1463 1149 1551 pariter
1192 1464 1407 1529 vitam
1453 1461 1845 1528 finiverunt.

442 1570 610 1650 Quo
658 1572 941 1659 quidem
988 1592 1224 1637 mense
1289 1569 1622 1659 februarii
1686 1579 1757 1634 et
1812 1568 2116 1659 januarij
2177 1568 2630 1654 precedentis
2690 1569 3114 1655 quammulta
3175 1568 3559 1636 homicidia
3620 1571 3987 1639 commissa

142 1680 212 1741 10
256 1692 424 1745 sunt
476 1676 896 1755 Mediolani,
944 1677 1034 1744 ob
1082 1678 1270 1764 quod
1318 1678 1691 1761 deputatus
1735 1675 1873 1741 fuit
1933 1674 2082 1740 illic
2142 1674 2520 1741 Barisellus
2581 1675 2933 1741 animosus
2977 1695 3133 1741 com
3180 1666 3460 1741 centum
3507 1675 3989 1762 provisionatis

250 1804 419 1850 cum
474 1784 872 1851 omnimoda
915 1794 1276 1871 potestate,
1323 1794 1400 1849 ut
1448 1781 1849 1849 deferentes
1893 1801 2105 1858 arma,
2155 1792 2402 1847 euntes
2449 1779 2524 1846 in
2573 1792 2782 1847 nocte
2831 1780 2983 1845 sine
3013 1781 3299 1860 lumine,
3347 1782 3652 1848 rixantes
3683 1795 3753 1850 et
3783 1804 3985 1850 scan-

250 1890 421 1957 dala
471 1892 981 1958 committentes
1013 1902 1296 1976 caperet
1326 1900 1396 1954 et
1426 1888 1851 1964 immediate,
1884 1908 1969 1953 ac
2005 1887 2097 1954 de
2130 1886 2325 1954 facto
2357 1888 2636 1973 puniret
2666 1886 2959 1954 arbitrio
2991 1908 3135 1967 suo,
3168 1889 3422 1975 quique
3453 1889 3625 1954 alias
3658 1889 3983 1958 civitates

250 2008 323 2063 et
372 1997 533 2064 loca
579 2010 798 2065 status
840 1996 1231 2063 Mediolani
1279 2005 1739 2082 percurreret.

433 2106 749 2173 Sevizari
796 2125 1071 2193 quoque
1103 2103 1294 2169 nulla
1325 2122 1481 2169 com
1512 2113 1691 2168 statu
1722 2101 2110 2169 Mediolani
2140 2122 2320 2189 pace
2352 2100 2640 2181 firmata,
2673 2102 2807 2167 hoc
2841 2114 3152 2188 tempore
3184 2122 3495 2169 recessus
3525 2101 3977 2185 Venetorum,

138 2208 203 2276 15
248 2214 625 2280 misserunt
672 2224 987 2278 oratores
1031 2232 1192 2277 suos
1233 2209 1735 2275 Mediolanum.

434 2323 725 2387 Famma
758 2320 918 2398 fuit,
952 2318 1141 2406 quod
1172 2338 1293 2382 rex
1324 2315 1812 2383 Ferdinandus
1844 2316 2139 2384 detinuit
2186 2314 2491 2403 Neapoli
2538 2315 2990 2383 Laurentium
3040 2317 3402 2383 Medicum
3448 2337 3629 2384 anno
3661 2318 3973 2405 proxime

251 2446 461 2494 curso
504 2428 678 2494 illuc
726 2426 1143 2514 profectum.

430 2535 512 2600 In
558 2532 910 2621 principio
975 2531 1150 2598 dicti
1208 2531 1464 2596 mensis
1524 2530 1860 2620 februarii
1930 2530 2205 2598 occisus
2267 2531 2401 2596 fuit
2449 2542 2520 2597 et
2565 2529 3014 2598 obtruncatus
3059 2552 3101 2597 a
3145 2531 3523 2598 mascharis
3568 2531 3640 2597 in
3687 2532 3972 2601 civitate

248 2641 570 2709 Bononie
617 2661 795 2706 unus
840 2661 930 2705 ex
975 2638 1282 2705 sedecim
1330 2638 1714 2703 rectoribus
1759 2637 2085 2705 civitatis.

130 2749 206 2812 20
432 2748 623 2825 Quia
667 2759 900 2813 orator
945 2745 1418 2822 venetiarum,
1466 2745 1586 2832 qui
1631 2745 1845 2809 multo
1892 2757 2199 2832 tempore
2247 2765 2510 2812 moram
2559 2745 2842 2812 trahens
2884 2745 3296 2824 Mediolani,
3340 2757 3741 2826 recesserat,
3796 2747 3971 2814 alius

249 2868 483 2922 orator
526 2855 842 2922 Venetus
887 2854 1047 2919 loco
1093 2851 1195 2917 sui
1242 2850 1431 2917 venit
1474 2850 1976 2931 Mediolanum,
2024 2850 2145 2917 ubi
2192 2852 2405 2917 multa
2449 2852 2589 2917 fuit
2636 2852 2979 2919 discensio
3025 2872 3154 2939 pro
3209 2853 3781 2920 confederatione
3831 2855 3971 2922 dis-

250 2962 608 3040 solvenda,
643 2961 735 3027 ad
768 2960 959 3048 quod
1005 2958 1326 3025 dominus
1369 2957 1728 3025 Robertus
1758 2978 1845 3025 ex
1877 2958 2138 3026 Sancto
2173 2959 2514 3026 Severino
2547 2961 2832 3025 multum
2866 2958 2940 3023 in
2971 2960 3284 3024 favorem
3315 2959 3501 3048 regis
3529 2960 3961 3027 Ferdinandi

250 3068 699 3136 ellaborabat.
793 3067 1102 3151 Cupiens
1134 3066 1369 3153 itaque
1401 3064 1857 3132 illustrissima
1903 3065 2185 3132 domina
2216 3064 2496 3132 ducissa
2526 3066 2855 3152 quietem,
2890 3065 3137 3133 nolluit
3168 3065 3392 3152 ipsam
3439 3066 3965 3154 colligationem

250 3177 559 3243 dissolvi.

42 3362 45 3369 .
135 3281 207 3345 25
424 3282 968 3361 Quintodecimo
999 3281 1337 3371 februarij
1387 3280 1559 3347 dicti
1605 3279 1772 3346 anni
1814 3279 1983 3346 1480
2015 3278 2107 3347 ob
2150 3292 2437 3347 mortem
2471 3279 2925 3368 suprascripti
2973 3279 3209 3347 militis
3256 3280 3522 3348 domini
3568 3283 3957 3369 potestatis,

251 3391 574 3477 quoniam
640 3388 828 3454 nulle
887 3388 1146 3455 fiebant
1189 3387 1637 3454 executiones
1681 3386 1758 3452 in
1804 3386 2110 3465 civitate,
2157 3399 2498 3454 venerunt
2556 3386 2878 3453 Parmam
2939 3387 3439 3477 quinquaginta
3498 3388 3961 3473 provisionati

249 3497 547 3576 ducales,
597 3516 892 3584 quorum
939 3505 1148 3580 caput
1195 3505 1300 3561 est
1344 3493 1698 3581 Johannes
1744 3494 1833 3560 de
1876 3492 2184 3571 Verona,
2232 3494 2353 3581 qui
2400 3505 2677 3562 atamen
2725 3516 2969 3582 pamm
3017 3514 3061 3560 a
3105 3495 3423 3581 capistris
3453 3496 3958 3566 metuebantur.

244 3604 423 3669 Nam
467 3617 679 3671 nocte
725 3601 984 3667 decimi
1030 3600 1263 3667 octavi
1310 3600 1453 3667 diei
1501 3599 1838 3689 februarii
1889 3600 2208 3666 deiectus
2251 3601 2390 3666 fuit
2434 3623 2669 3667 murus
2713 3601 2943 3689 platee
3005 3621 3242 3668 versus
3299 3602 3669 3668 ecclesiam
3714 3603 3959 3672 Sancti

243 3710 461 3777 Matei
508 3710 637 3776 sub
684 3709 983 3797 quadam
1015 3708 1321 3773 fenestra
1355 3708 1602 3773 domus
1634 3705 1994 3774 existentis
2023 3728 2243 3794 prope
2289 3707 2681 3794 portellum,
2728 3709 2801 3773 in
2850 3727 2985 3795 qua
3030 3707 3317 3796 quidam
3363 3707 3661 3776 hebreus
3705 3731 3947 3776 reven-

135 3815 205 3879 30
245 3817 434 3884 ditor
477 3829 549 3884 et
599 3818 797 3883 dives
843 3814 1266 3904 quammulta
1311 3813 1612 3880 habebat
1643 3812 1847 3893 bona,
1881 3833 2017 3901 que
2050 3835 2181 3900 per
2208 3813 2433 3901 ipsam
2467 3826 2823 3901 rupturam
2853 3815 3084 3882 furata
3112 3826 3293 3882 sunt.
3384 3815 3539 3881 Nec
3584 3827 3957 3902 potuerunt

237 3923 540 3990 inveniri
588 3924 913 4000 latrones,
961 3941 1049 3988 ex
1093 3941 1233 4008 quo
1278 3920 1581 3987 hebreus
1624 3919 1975 3987 asserebat
2024 3921 2351 3988 damnum
2397 3921 2754 4007 recepisse
2804 3921 2894 3988 de
2944 3922 3217 3989 ducatis
3266 3924 3418 3991 400.

413 4031 573 4095 Hoc
624 4030 830 4094 etiam
877 4048 1115 4093 mense
1163 4027 1468 4094 decessit
1510 4025 1793 4092 illustris
1855 4026 2171 4094 dominus
2231 4025 2447 4092 Pinus
2509 4027 2798 4116 Forlivij
2852 4027 3196 4106 dominus,
3242 4027 3364 4116 qui
3411 4028 3601 4109 alias,
3647 4041 3724 4096 ut
3769 4032 3972 4097 solus-

238 4137 738 4214 dominaretur,
786 4135 1074 4201 fratrem
1122 4133 1681 4200 obtruncaverat.

412 4243 778 4333 Vigesimo
811 4242 1032 4328 primo
1065 4239 1400 4330 februarij
1435 4241 1861 4307 reverendus
1892 4241 2210 4307 dominus
2245 4241 2617 4328 episcopus
2645 4242 3036 4309 Parmensis
3065 4262 3378 4308 reversus
3408 4241 3730 4310 Parmam
3758 4245 3954 4334 jussu

42 4379 45 4416 r
136 4345 195 4412 ³5
235 4349 853 4417 illustrissimorum
899 4348 1332 4415 dominorum
1366 4359 1780 4428 nostrorum,
1816 4349 2218 4415 convocatis
2249 4347 2661 4426 offitialibus,
2708 4349 3004 4414 antianis
3049 4361 3118 4416 et
3162 4349 3396 4416 multis
3438 4350 3950 4441 credentiarijs,

234 4456 620 4543 publicavit
663 4456 952 4522 ducales
995 4454 1263 4521 litteras
1295 4454 1762 4540 disponentes,
1798 4454 1987 4540 quod
2018 4454 2416 4521 additiones
2446 4454 2884 4521 comunitatis
2932 4456 3249 4522 leventur
3274 4466 3344 4522 et
3371 4456 3659 4523 satisfiat
3689 4458 3948 4524 habere

236 4563 675 4642 debentibus,
722 4561 954 4628 silicet
999 4560 1429 4648 emptoribus
1474 4562 1777 4647 ipsarum
1844 4561 2302 4640 additionum,
2366 4563 2826 4629 sacomanatis
2890 4562 2979 4629 de
3042 4563 3343 4650 squadra
3402 4562 3655 4631 Rubea
3700 4576 3769 4632 et
3820 4565 3953 4646 his,

236 4671 360 4757 qui
420 4671 862 4736 exsolverant
922 4668 1383 4734 sacomanatis
1446 4667 1657 4734 libras
1719 4669 2231 4754 decemseptem
2296 4668 2508 4747 mille,
2571 4688 2729 4733 cum
2789 4679 3155 4753 potestate,
3215 4680 3293 4735 ut
3351 4671 3694 4758 premissa
3760 4673 3949 4751 fiant,

233 4777 423 4864 quod
469 4771 770 4862 ponatur
813 4795 953 4840 una
996 4774 1295 4840 collecta
1338 4774 1413 4840 in
1460 4774 1743 4841 civitate
1777 4785 1848 4842 et
1880 4774 2291 4861 episcopatu
2322 4774 2596 4854 Parme,
2644 4774 2736 4840 ad
2781 4774 2972 4863 quod
3017 4775 3168 4862 ipse
3216 4776 3539 4844 dominus
3574 4779 3947 4866 episcopus

42 4941 45 4950 .
136 4883 197 4946 40
236 4884 423 4949 cives
470 4901 895 4969 magnopere
940 4892 1044 4947 est
1091 4891 1478 4959 exortatus3
1527 4882 1640 4947 cui
1689 4893 1792 4948 est
1837 4900 2263 4967 responsum,
2312 4881 2503 4968 quod
2549 4882 2923 4968 superinde
2967 4881 3085 4949 fiet
3130 4895 3522 4969 opportuna
3567 4885 3900 4971 provisio.

408 4989 779 5077 Vigesimo
824 4987 1037 5054 tertio
1083 4986 1417 5075 februarii
1470 4987 1732 5053 antiani
1767 4987 2153 5077 ellegerunt
2181 4997 2325 5053 tres
2354 5008 2483 5073 pro
2515 4987 2791 5075 singula
2821 4989 3124 5075 squadra
3155 4988 3492 5056 notabiles
3522 4990 3708 5057 cives
3738 5011 3947 5058 causa

233 5095 547 5162 faciendi
596 5095 1080 5180 compartitum
1126 5094 1203 5158 in
1253 5093 1535 5160 civitate
1584 5104 1654 5160 et
1699 5092 2105 5180 episcopatu
2151 5113 2278 5180 pro
2323 5094 2639 5161 subsidio
2687 5094 3136 5162 levandarum
3182 5096 3617 5164 additionum
3661 5099 3737 5164 in
3781 5119 3944 5166 exe-

237 5204 510 5268 cutione
561 5201 941 5267 litterarum
988 5199 1363 5280 ducalium,
1411 5201 1500 5267 de
1547 5200 1798 5288 quibus
1829 5221 2053 5286 supra.

405 5309 589 5375 Item
638 5308 1043 5374 levaverunt
1088 5307 1302 5374 multa
1348 5306 1576 5373 officia
1619 5306 1908 5387 inutilia,
1956 5329 2091 5396 que
2138 5307 2484 5375 dabantur
2529 5309 2604 5374 in
2650 5309 2947 5376 consilio
3009 5309 3198 5376 omni
3260 5331 3443 5378 anno
3488 5310 3582 5377 ad
3625 5324 3898 5381 sortem.

42 5383 43 5404 ἦ
135 5413 195 5476 45
404 5415 697 5481 Borsius
742 5415 833 5480 de
882 5410 1221 5502 Corrigia‚
1270 5413 1385 5500 qui
1431 5414 1653 5479 iverat
1696 5414 2196 5494 Mediolanum,
2246 5416 2544 5482 credens
2588 5417 2806 5482 multa
2851 5414 3134 5496 habere,
3180 5417 3561 5504 penultimo
3608 5418 3937 5511 februarii

42 5539 43 5550 w

42 5577 45 5586 ι

42 5679 45 5698 l

235 5544 547 5590 reversus
593 5533 719 5600 est,
766 5542 901 5587 nec
936 5519 1039 5585 illi
1073 5521 1161 5586 de
1198 5519 1428 5607 aliquo
1462 5520 1595 5588 fuit
1627 5520 1979 5607 provisum
2014 5533 2084 5588 et
2118 5521 2359 5588 nolluit
2390 5523 2647 5589 intrare
2680 5522 3026 5604 Parmam,
3060 5524 3184 5590 sed
3228 5523 3317 5590 ab
3364 5536 3562 5591 extra
3607 5527 3945 5596 transivit.

401 5629 616 5697 Circa
645 5629 857 5695 finem
888 5626 1221 5716 februarij
1258 5627 1432 5694 dicti
1464 5629 1630 5693 anni
1670 5628 1837 5694 1480
1870 5629 1942 5693 in
1977 5641 2179 5697 nocte
2215 5629 2549 5696 derobata
2593 5629 2728 5695 fuit
2771 5630 3114 5716 speciaria
3141 5629 3556 5699 Melchioris
3586 5631 3674 5699 de
3705 5633 3939 5723 Burgo

237 5757 434 5824 super
475 5736 737 5826 angulo
786 5734 1044 5824 Sancte
1091 5731 1464 5812 Christine,
1499 5754 1654 5801 com
1689 5734 1835 5801 eius
1878 5735 2174 5802 maximo
2221 5734 2497 5814 damno,
2547 5735 2823 5803 deiecto
2857 5749 2929 5804 et
2958 5736 3184 5804 fracto
3215 5736 3462 5805 hostio.
3554 5740 3944 5808 Derobatus

243 5847 430 5911 etiam
475 5846 612 5912 fuit
661 5844 733 5908 in
782 5841 1053 5909 stabulo
1097 5862 1276 5906 unus
1322 5843 1630 5907 manzius
1673 5843 1746 5907 in
1793 5842 2054 5908 vicinia
2098 5842 2340 5911 Sancti
2387 5842 2632 5911 Paulli.
2722 5845 2939 5924 Facta
2983 5856 3142 5910 sunt
3187 5857 3257 5912 et
3302 5844 3440 5912 alia
3492 5847 3710 5913 multa
3754 5849 3944 5915 furta

142 5947 211 6011 50
245 5949 304 6015 in
345 5953 628 6020 civitate
673 5948 1038 6037 impunita,
1069 5948 1232 6035 quia
1265 5947 1513 6014 noctis'
1559 5961 1869 6036 tempore
1917 5951 2183 6017 familia
2227 5951 2492 6017 domini
2539 5952 2915 6038 potestatis,
2949 5971 3082 6018 nec
3112 5953 3563 6039 provisionati
3597 5956 3744 6022 ausi
3779 5970 3939 6025 sunt

518 6214 1225 6282 mmmmm-s

4132 2127 4287 2182 Mun„
4317 2132 4400 2174 ³³2

4096 5666 4135 5699 C.
4168 5663 4276 5703 707

4093 5978 4249 6027 Mun..
4275 5977 4355 6019 3³³
4387 5991 4395 5998 ·
