4895 7066
275 502 395 577 [A.
433 504 585 559 1479
636 502 1381 573 novembre-dioembre]
1472 492 1588 567 IN
1641 489 2157 565 PARTIBUS
2214 488 2848 563 LOMBARDIE
3912 484 4004 557 fil

314 652 393 660 -—
406 648 515 656 -ο
524 649 547 654 ..-
562 647 652 654 -Μψο
738 648 753 653 ψ
762 647 859 654 ν....,
1016 649 1039 655 ..-
1092 649 1309 656 -u--u-n-——W
3315 639 3648 647 *om-....--.0....·.0--⁴

0 751 39 796 ἰ
298 759 577 828 Trottus
617 776 750 847 pro
796 760 1301 850 gubernatore,
1345 758 1467 848 qui
1513 755 1933 826 credebatur
1985 768 2125 823 non
2184 754 2482 843 amplius
2540 753 2833 832 reverti3
2896 764 2969 822 et
3026 770 3186 820 cum
3246 752 3383 819 fuit
3441 749 3714 830 Parme,
3774 760 4029 817 vocate

297 866 587 935 consilio
632 867 983 955 generali,
1028 866 1191 933 illos
1234 864 1326 933 de
1371 864 1593 932 tribus
1648 862 1973 952 squadris
2031 873 2137 930 est
2183 872 2540 937 exortatus
2580 862 2674 928 ad
2717 860 3013 949 pacifice
3057 860 3454 937 vivendum,
3499 858 3860 926 cominans
3905 875 4028 924 eos

298 996 391 1041 ex
431 973 762 1040 mandato
807 972 1210 1060 principum
1255 971 1576 1038 fallentes
1620 970 2017 1057 puniturum·
2050 990 2147 1049 se,
2179 968 2270 1036 ab
2314 968 2558 1056 eisque
2604 966 2966 1058 requisivit
2997 987 3136 1047 eos,
3183 966 3304 1055 qui
3349 964 3676 1031 insultum
3705 963 4027 1030 fecerant

296 1093 547 1148 contra
602 1079 1126 1166 provisionatos
1174 1088 1244 1145 et
1289 1077 1481 1144 cives
1528 1076 1854 1155 Rubeos3
1919 1077 2048 1145 sed
2110 1075 2244 1143 fuit
2301 1075 2692 1143 abauditus.
2783 1073 3301 1140 Tantummodo
3372 1070 3762 1139 carceravit
3829 1071 4026 1147 duos

208 1186 247 1253 5
294 1187 563 1275 aliique
608 1186 811 1252 multi
857 1184 1143 1273 capistri
1188 1186 1507 1251 timentes
1552 1182 1735 1270 capi,
1780 1200 1857 1250 se
1901 1183 2153 1270 partim
2213 1180 2752 1261 absconderunt,
2813 1180 3066 1268 partim
3124 1166 3596 1256 recesserunt3
3659 1176 4030 1264 claudique

297 1294 659 1359 ordinavit
704 1293 895 1360 omni
943 1298 1174 1370 nocte,
1223 1301 1434 1379 prout
1475 1302 1686 1357 antea
1729 1288 1960 1369 fiebat,
2005 1300 2341 1376 portonos
2384 1287 2636 1375 platee,
2683 1289 2776 1356 de
2821 1306 2959 1375 quo
2990 1287 3083 1352 he
3112 1297 3255 1355 tres
3283 1284 3586 1372 squadre
3631 1283 4023 1361 doluerunt,

300 1399 619 1466 dicentes
660 1402 801 1466 hoc
845 1399 1021 1478 fieri,-
1068 1421 1157 1466 ex
1200 1414 1338 1486 quo
1384 1408 1604 1464 status
1645 1395 1737 1463 de
1783 1396 1887 1464 eis
1944 1395 2316 1463 videbatur
2373 1415 2516 1462 non
2575 1394 2816 1473 fidere,
2861 1393 3110 1482 quibus
3168 1390 3591 1483 gubernator
3642 1389 4025 1476 respondit,

0 1526 39 1537 ·-
72 1530 81 1539 ·
302 1508 488 1573 hanc
531 1528 677 1573 non
723 1507 881 1572 foi-e
924 1510 1228 1584 causam,
1273 1504 1398 1571 sed
1442 1515 1521 1572 ut
1564 1503 2015 1571 exsentiones
2054 1522 2217 1569 suas
2258 1500 2544 1569 liberius
2585 1503 2826 1568 facere
2887 1510 3142 1588 posset.

0 1601 43 1641 Ξ
480 1613 696 1680 Circa
742 1612 1101 1679 diruidinm
1146 1610 1542 1678 novembris
1587 1610 1765 1678 dicti
1812 1609 1977 1675 anni
2031 1607 2197 1680 1479
2245 1609 2425 1675 filius
2471 1607 2656 1696 regis
2697 1608 2757 1674 F
2758 1607 3153 1686 erdinandi,
3199 1606 3319 1693 qui
3365 1622 3524 1673 com
3569 1603 3848 1694 agmine
3891 1623 4018 1672 suo
4169 1634 4215 1667 c.
4247 1620 4308 1672 σε
4339 1633 4366 1662 r

0 1705 9 1741 ⁵
190 1720 264 1784 10
307 1718 677 1785 obsidebat
722 1726 1021 1785 casti-um
1068 1718 1251 1786 Colli
1295 1717 1445 1806 agri
1486 1716 2048 1783 Florentinorum
2109 1714 2660 1793 munitissimum,
2707 1714 2778 1780 vi
2822 1725 2892 1779 et
2937 1724 3204 1780 armata
3245 1733 3456 1779 manu
3501 1711 3678 1778 illud
3721 1709 4026 1785 obtinuit

0 1810 23 1845 Γ
303 1844 464 1891 com
510 1826 813 1891 maxima
859 1827 1038 1893 cede
1085 1832 1380 1902 suorum,
1427 1825 1502 1889 in
1549 1842 1688 1912 quo
1733 1823 1982 1889 multas
2024 1820 2476 1890 crudelitates
2521 1820 2687 1912 egit.
2778 1820 2947 1888 Post
2991 1841 3196 1908 quam
3243 1818 3612 1886 victoriam
3657 1818 3807 1906 ipse
3867 1837 4026 1884 com

295 1953 425 1998 suo
476 1933 795 1999 exercitu
838 1933 964 1999 ivit
1006 1933 1100 1999 ad
1147 1931 1611 2021 alogiamenta
1669 1929 2209 2017 superveniente
2265 1928 2554 2018 hyeme3
2598 1927 2840 2015 sicque
2887 1927 3096 1994 etiam
3158 1940 3410 2015 agmen
3464 1925 4024 1994 Florentinorum

296 2038 629 2105 discessit
673 2050 748 2107 et
789 2039 991 2130 petijt
1036 2038 1504 2126 alogiamenta
1533 2039 1607 2103 in
1639 2057 1811 2125 agro
1847 2035 2273 2105 Florentino,
2365 2035 2691 2103 Marchio
2721 2032 3037 2113 Mantue,
3069 2033 3392 2101 dominus
3418 2030 3720 2101 Arimini
3767 2042 3839 2099 et
3867 2031 4031 2099 reli-

298 2147 423 2232 qui
476 2146 811 2213 ductores
856 2158 927 2212 et
969 2166 1316 2213 armorum
1360 2143 1786 2232 principales
1831 2143 1901 2209 in
1947 2143 2241 2230 patriam
2286 2142 2596 2229 profecti
2640 2153 2820 2209 sunt.

168 2248 246 2315 15
483 2252 642 2318 Hoc
690 2252 901 2318 etiam
944 2256 1259 2338 tempore
1302 2249 1454 2317 Azo
1497 2251 1915 2317 vicecomes
1955 2248 2525 2327 Mediolanensis,
2572 2248 2694 2336 qui
2742 2259 2891 2316 erat
2937 2259 3278 2336 cognatus
3323 2246 3588 2315 domini
3617 2246 3844 2326 Cichi‚
3875 2245 4031 2334 qui-

297 2377 441 2445 que
486 2364 805 2444 tempore
866 2357 1225 2425 sacomani
1283 2357 1693 2425 Rubeorum
1752 2357 2163 2424 Parmenses
2225 2354 2385 2422 loco
2451 2355 2789 2442 principis
2856 2352 3316 2445 gubernabat,
3370 2354 3486 2420 cui
3548 2353 3757 2421 etiam
3816 2354 4028 2420 ascri·

299 2463 625 2545 bebatur,
657 2465 847 2552 quod
878 2465 1060 2531 male
1090 2484 1164 2532 se
1199 2466 1689 2551 deportaverat
1720 2464 1966 2530 favens
1994 2460 2218 2529 tribus
2246 2462 2594 2549 squadris‚
2629 2462 2872 2529 dolore
2905 2460 3401 2547 detemptionis
3430 2460 3732 2550 cognati,
3763 2459 4026 2526 insanie

298 2571 561 2638 sororis
608 2582 681 2638 et
727 2572 892 2659 quia
937 2583 1244 2638 cesserat
1288 2592 1331 2636 a
1374 2571 1711 2659 regimine
1757 2579 1995 2648 status,
2042 2568 2427 2636 infirmatus
2470 2568 2682 2636 vitam
2731 2567 2978 2635 emisit.

481 2677 714 2745 Multa
756 2679 941 2745 enim
987 2688 1282 2744 tractata
1325 2689 1485 2744 sunt
1526 2677 1601 2743 in
1649 2675 1941 2743 consilio
1986 2685 2199 2742 status
2242 2673 2638 2742 Mediolani
2667 2695 2798 2762 pro
2841 2674 3240 2742 adhibendo
3285 2674 3519 2754 modo,
3564 2688 3704 2763 quo
3749 2674 4027 2742 discen-

170 2786 259 2849 20
309 2786 545 2852 dones
592 2783 1072 2851 Parmensium
1116 2785 1699 2875 extinguerentur.
1792 2783 1970 2852 Cum
2017 2793 2245 2849 autem
2293 2782 2589 2849 ellectus
2633 2782 2877 2849 fuisset
2921 2781 3243 2849 dominus
3287 2782 3640 2869 Johannes
3681 2780 4028 2848 Antonius

306 2892 518 2958 Cotta
560 2891 1114 2958 Mediolanensis
1158 2911 1286 2977 pro
1331 2891 1795 2979 gubernatore
1825 2890 2075 2957 Parme
2124 2889 2279 2956 loco
2326 2886 2595 2955 domini
2625 2887 2912 2977 Antonij
2945 2888 3198 2967 Treui,
3229 2900 3307 2956 re
3354 2901 3628 2956 atamen
3673 2888 4029 2966 ventilata,

312 2997 777 3064 deliberatum
824 2997 984 3075 fuit,
1034 2996 1334 3063 eundem
1375 3017 1807 3064 reversurum
1855 2996 1926 3061 in
1971 2995 2267 3082 pristina
2310 2994 2788 3063 Parmensium
2850 2995 3394 3083 gubernatione3
3442 2995 3533 3064 ad
3585 3010 3791 3083 quam
3836 2995 4031 3061 circa

312 3104 618 3170 medium
662 3104 1061 3171 novembris
1101 3123 1414 3171 reversus
1459 3115 1562 3169 est
1608 3114 1767 3169 cum
1812 3102 2044 3188 ampla
2075 3101 2516 3188 impositione
2549 3101 2917 3170 seditioms
2947 3114 3018 3170 et
3047 3103 3229 3170 male
3263 3102 3707 3190 compositos,
3739 3121 4029 3190 quorum

314 3209 475 3277 inibi
521 3211 775 3299 ingens
804 3208 1115 3277 caterva'
1149 3209 1724 3297 conspiciebatur,
1768 3208 2104 3294 puniendi
2153 3221 2224 3276 et
2255 3225 2343 3274 ex
2384 3207 2558 3275 urbe
2602 3207 2921 3296 fugandi.
3011 3209 3389 3287 Reversus,
3435 3209 3790 3296 proclama
3833 3207 4027 3274 dela·
4182 3228 4333 3280 uun..
4365 3228 4441 3270 327

204 3316 280 3381 25
322 3319 519 3383 tionis
569 3337 916 3384 armorum
959 3316 1369 3403 publicavit,
1417 3315 1713 3404 capique
1758 3326 1829 3382 et
1874 3315 2124 3402 laqueo
2168 3314 2482 3403 appendi
2528 3326 2873 3382 nocturno
2918 3325 3230 3402 tempore
3259 3317 3456 3407 jussit
3498 3315 3717 3406 xxvij.
3750 3330 4033 3382 novem-

319 3425 458 3490 bris
518 3424 821 3491 Tomam
871 3425 960 3491 de
1013 3423 1340 3491 Guarinis
1395 3423 1718 3512 juvenem
1778 3422 2211 3501 insolentem,
2275 3440 2644 3509 sequacem
2692 3421 3017 3488 factionis
3078 3422 3555 3511 Sanguinatie,
3619 3423 3742 3509 qui
3793 3421 4038 3488 vulne-

322 3533 595 3598 raverat
635 3552 851 3596 unum
898 3552 989 3597 ex
1035 3529 1403 3598 ducalibus
1446 3528 1955 3618 provisionatis,
1985 3526 2336 3595 Marchini
2368 3528 2458 3596 de
2487 3525 2768 3607 Abiate,
2799 3528 3069 3615 plateas
3125 3527 3674 3597 custodientibus
3717 3550 3805 3596 eo
3851 3550 4030 3610 sero,

322 3657 448 3725 qno
492 3637 694 3704 multi
738 3638 857 3728 alij
908 3639 1109 3704 fuere
1154 3636 1517 3714 vulnerati,
1564 3647 1773 3722 prout
1837 3647 2229 3703 enarratum
2292 3645 2418 3702 est.
2512 3636 2649 3701 Hic
2696 3635 2904 3702 etiam
2951 3635 3363 3704 interfuerat
3422 3638 3517 3705 ad
3573 3636 4024 3703 deiciendum

321 3757 553 3831 portas
610 3746 840 3831 ponfis
900 3743 1193 3831 Lapidis
1250 3743 1325 3809 in
1385 3744 1688 3823 flumine,
1736 3753 2176 3830 percusserat
2233 3754 2528 3830 patrem,
2575 3761 2662 3809 ac
2706 3742 3198 3824 vulneraverat
3237 3744 3606 3831 quamdam
3651 3743 4030 3811 mulierem.

215 3853 285 3916 30
324 3852 531 3931 Quod
578 3854 680 3917 sic
726 3865 955 3919 actum
1004 3850 1219 3917 tribus
1262 3851 1586 3938 squadris
1629 3871 1771 3919 non
1834 3850 2192 3918 mediocre
2251 3849 2614 3917 molestum
2674 3848 2831 3930 fuit,
2896 3861 3032 3938 que
3095 3850 3297 3916 simul
3356 3850 3553 3917 unite
3609 3870 4032 3940 magnopere

324 3970 559 4045 queste
606 3969 765 4024 sunt
810 3965 1047 4024 coram
1111 3957 1305 4024 dicto
1368 3956 1649 4023 domino
1710 3955 2019 4023 Antonio
2081 3956 2358 4035 Trotto,
2424 3956 2654 4023 eidem
2709 3955 2769 4022 si
2817 3976 2956 4023 non
3016 3957 3271 4044 palam,
3318 3958 3540 4024 saltim
3603 3954 3838 4024 verbis
3902 3957 4030 4022 du-

321 4063 624 4150 plicibus
686 4075 756 4129 et
813 4062 1174 4129 venenatis
1232 4064 1609 4141 minantes3
1670 4083 1754 4128 ac
1817 4062 2022 4128 etiam
2086 4061 2277 4129 dicto
2337 4059 2738 4128 Marchino'
2800 4074 3090 4129 mortem
3152 4063 3394 4130 minati
3453 4075 3632 4142 sunt,
3697 4064 4029 4141 dicentes,
4186 4093 4228 4125 e.
4263 4083 4324 4131 ος
4351 4094 4382 4122 v

323 4173 540 4257 ipsum
588 4170 807 4237 fuisse
859 4181 1213 4236 auctorem
1258 4169 1451 4236 dicte
1499 4169 1966 4256 appensionis.
2060 4166 2236 4235 Cum
2297 4180 2528 4236 autem
2592 4169 2824 4235 nullus
2879 4168 3139 4237 inesset
3183 4169 3407 4237 tribus
3459 4169 3778 4257 squadris
3832 4167 4033 4257 justi-

322 4279 404 4343 tie
449 4289 701 4355 metus,
747 4285 940 4344 arma
984 4275 1075 4341 ab
1120 4274 1578 4343 insolentibus
1607 4275 1891 4362 impune
1923 4275 2434 4353 desererentur,
2480 4275 2597 4341 hic
2640 4274 3074 4356 Marchinus,
3120 4275 3229 4342 vir
3273 4275 3548 4363 dignus,
3596 4276 3891 4341 accessit
3936 4275 4027 4342 ad

222 4383 289 4449 35
324 4385 677 4472 principes
719 4395 1011 4462 nostros,
1059 4404 1101 4448 a
1144 4383 1395 4471 quibus
1439 4381 1741 4470 benigne
1786 4383 1972 4449 visus
2017 4383 2391 4469 deputatus
2424 4394 2528 4450 est
2558 4383 2650 4449 ad
2680 4382 3063 4452 custodiam
3098 4382 3537 4450 dominorum
3584 4383 3840 4449 ducum
3871 4401 4029 4448 com

328 4503 602 4558 eentum
647 4489 1133 4577 provisionatis
1176 4489 1337 4557 loco
1368 4489 1627 4569 Rubei,
1674 4490 1797 4577 qui
1845 4511 1932 4554 ex
1975 4490 2111 4556 hoc
2159 4489 2397 4556 seculo
2443 4489 2878 4577 migraverat.
2973 4490 3162 4580 Egre
3206 4490 3520 4557 ferentes
3563 4488 3637 4554 hi
3683 4488 3775 4555 de
3818 4487 4036 4556 tribus

325 4597 635 4684 squadris
678 4607 965 4663 mortem
1015 4595 1543 4684 ignominiosam
1590 4596 1764 4661 dicti
1809 4595 2122 4682 appensi,
2169 4615 2542 4682 nomquam
2589 4594 2955 4663 cessabant
2998 4617 3041 4661 a
3083 4595 3310 4674 minis,
3355 4595 3437 4662 id
3479 4595 3687 4663 etiam
3733 4596 4035 4683 squadre

328 4703 571 4771 Rubee
618 4703 1068 4782 ascribentes,
1115 4704 1208 4771 de
1252 4724 1393 4790 quo
1438 4713 1669 4770 tamen
1714 4702 1863 4789 ipse
1911 4699 2264 4769 debebant
2306 4719 2458 4769 esse
2506 4703 2739 4782 tacite,
2787 4703 3109 4791 quoniam
3139 4703 3387 4770 unicus
3416 4712 3522 4769 tot
3550 4702 4036 4770 seditiosorum

328 4831 447 4897 pro
494 4808 816 4877 omnibus
857 4831 1075 4897 penas
1120 4809 1357 4877 luerat.
3805 4811 3808 4820 '

225 4919 299 4982 40
510 4917 670 4985 Fuit
713 4917 852 4984 hoc
896 4923 1136 4983 mense
1181 4914 1574 4983 novembris
1622 4915 1813 4982 circa
1854 4917 2063 4983 finem
2094 4918 2469 5005 deputatus
2511 4919 2604 4984 ad
2652 4917 3016 4984 consilium
3048 4928 3264 4983 status
3294 4913 3686 4985 Mediolani
3713 4936 4036 4984 reveren-

329 5024 646 5090 dissimus
690 5023 1013 5090 dominus
1055 5021 1400 5089 Ascanius
1444 5021 1729 5090 Sforcia
1772 5023 2334 5109 prothonotarius
2378 5036 2450 5092 et
2494 5025 2865 5112 episcopus
2907 5023 3147 5111 Papie.

318 5134 325 5139 ’
497 5129 775 5196 Octavo
819 5128 1210 5197 decembris
1264 5127 1431 5199 1479
1479 5129 1913 5196 advenerunt
1942 5149 2125 5197 nova
2151 5129 2425 5211 Parme,
2473 5130 2773 5218 qualiter
2819 5131 3142 5197 dominus
3185 5129 3591 5198 Ludovicus
3618 5152 3707 5197 ex
3735 5131 4035 5218 Campo-

328 5237 636 5326 frugosio
680 5235 1047 5323 januensis
1089 5236 1487 5322 proditione
1535 5248 1820 5322 ceperat
1865 5236 2221 5304 civitatem
2266 5236 2568 5304 Sarzane
2613 5237 2960 5304 Lunensis
2990 5236 3160 5326 agri,
3206 5253 3412 5325 quam
3456 5237 3840 5304 Florentini
3882 5246 4042 5324 pos-

327 5342 663 5421 sidebant,
710 5342 812 5408 eis
859 5341 1032 5424 alias
1074 5362 1201 5427 per
1247 5341 1509 5408 dictum
1542 5342 1896 5408 dominum
1929 5341 2369 5410 Ludovicum
2402 5344 2642 5431 precio
2675 5344 3082 5411 ducatorum
3113 5366 3274 5410 xxv.
3309 5343 3596 5409 millium
3626 5343 3968 5411 traditam.

224 5449 291 5515 45
495 5449 872 5517 Profectus
917 5458 1022 5514 est
1065 5448 1543 5515 Mediolanum
1590 5448 2016 5516 reverendus
2063 5449 2384 5516 dominus
2431 5449 2884 5540 Sagramorus
2926 5448 3407 5531 Ariminensis,
3454 5450 3846 5518 Parmensis
3894 5451 4040 5538 epi-

327 5577 567 5645 scopus
610 5555 833 5623 etiam
878 5555 972 5622 ad
1018 5554 1380 5621 consilium
1426 5566 1640 5623 status
1682 5554 2071 5623 Mediolani
2118 5556 2551 5635 constitutus,
2596 5569 2673 5624 ut
2715 5578 2828 5623 res
2871 5556 3346 5624 Parmensium
3393 5557 3817 5624 discidentes
3850 5577 4042 5625 com-

328 5676 623 5752 poneret.
672 5663 867 5731 Nam
899 5673 972 5729 et
1000 5661 1377 5747 proscripti
1410 5661 1600 5728 cives
1631 5662 1719 5729 de
1752 5661 1973 5730 tribus
2003 5663 2323 5750 squadris
2353 5664 2617 5730 re‘versi
2651 5664 2998 5731 instabant
3031 5663 3236 5730 minis
3269 5675 3340 5730 et
3370 5663 3661 5730 assiduis
3692 5664 4040 5751 querellis,

324 5773 440 5841 illis
480 5770 766 5840 restitui
815 5789 939 5835 eas
982 5767 1196 5835 libras
1227 5768 1474 5835 decem
1506 5780 1772 5855 septem
1804 5769 2017 5849 mille,
2050 5790 2222 5856 quas
2255 5769 2698 5836 exsolverant
2726 5783 2856 5859 pro
2886 5783 3257 5841 sacomano
3288 5768 3717 5845 Rubeorum.
3807 5770 4044 5845 Rubei

466 6035 557 6074 10.
598 6011 1111 6079 munitissimum]
1154 6011 1526 6064 munitissimi
1563 6012 1677 6067 cod.
