4895 7066
594 2276 636 2305 c.
663 2263 721 2304 88
749 2274 776 2304 r

537 3856 658 3900 Mun
680 3885 696 3908 ,
721 3855 801 3899 3⁵⁵

621 4813 804 4858 c.88v

945 486 1042 559 82
2236 487 2714 562 CRONICA
2769 486 3349 561 GESTORUM
3671 498 3777 569 [A.
3821 501 3985 555 1480
4023 500 4650 573 ottobre-novembre]

929 636 1646 647 mooun-..nu·nvn-..u0-0000·---·---·0.·····0····0s0-··0·
1652 637 1669 644 -ο
1676 636 1981 645 ικαοσι.οο,-οο.ιο-,οοου-ιαο
1987 635 2295 650 ,ιι-οι--φιιυαοοιαομ-ο-ιο
2300 637 2434 645 ...m-...o-
2440 633 3736 647 ›0--0›uu-0.....nu-nonenooo--u.*uo-”noannoo-‹1u0-d-nmo-ooo--mmau--u-oooo-oa---mu

1101 746 1491 837 Antequam
1536 749 1735 816 fieret
1779 749 1914 816 hec
1947 747 2388 837 decapitatio,
2420 762 2700 837 reperte
2747 762 2903 818 sunt
2945 751 3017 816 in
3049 751 3483 838 quammultis
3530 751 3701 818 locis
3746 749 4130 818 Mediolani
4176 749 4408 816 littere
4454 748 4650 813 huius

923 855 1202 936 tenoris,
1248 855 1633 923 videlicet}
1669 860 1699 894 ⁰⁶
1724 858 1835 925 Ve
1882 858 2080 925 vobis
2112 856 2399 924 ducibus
2441 857 2846 938 Mediolani,
2891 880 2978 925 ve
3024 857 3222 925 vobis
3267 856 3928 933 Mediolanensibus.
3975 858 4032 924 si
4077 857 4376 924 Cichum
4426 853 4644 923 Simo-

937 965 969 997 “
991 974 1222 1029 netam
1265 975 1532 1049 patrem
1591 964 1813 1050 patrie
1873 964 2255 1051 decapitari
2300 964 2705 1051 permittitis.
2795 964 2984 1031 Illius
3043 964 3224 1030 enim
3286 975 3766 1051 persecutores
3812 962 4009 1030 vobis
4069 962 4285 1029 rectia
4332 961 4647 1039 tendunt,

941 1072 972 1106 ‘⁶
996 1067 1191 1135 vobis
1235 1068 1516 1137 insidias
1558 1068 1813 1157 ubique
1855 1082 2125 1157 parant,
2186 1082 2261 1137 ut
2320 1070 2519 1137 vobis
2578 1090 2746 1151 rem,
2792 1071 3137 1158 vitamque
3199 1070 3399 1136 simul
3459 1070 3809 1157 erripiant.
3900 1070 4176 1137 Inhiant
4227 1080 4485 1136 statum
4529 1090 4642 1132 ve-

939 1178 969 1211 “
995 1187 1206 1242 strum
1239 1187 1309 1242 et
1350 1187 1426 1241 ut
1471 1175 1774 1243 famelici
1817 1177 2013 1264 luppi
2057 1176 2459 1264 sanguinem
2505 1188 2804 1245 vestrum
2850 1176 3100 1244 sitiunt.
3192 1176 3412 1244 Vobis
3456 1177 3679 1257 exilia,
3715 1175 4062 1263 durosque
4107 1194 4436 1243 carceres
4482 1173 4646 1239 mol·
4724 1171 4755 1237 5

936 1286 967 1321 ‘⁴
989 1283 1277 1361 liuntur;
1325 1283 1522 1350 vobis
1566 1283 1834 1372 laquea,
1881 1284 2187 1351 inaudita
2229 1285 2553 1371 supplitia
2616 1297 2686 1352 et
2746 1285 3020 1352 diversa
3064 1285 3340 1351 necium
3384 1305 3645 1373 genera
3693 1284 4109 1371 excogitant.
4201 1283 4389 1349 Huic
4453 1292 4637 1346 tanto

941 1392 972 1426 “
995 1389 1305 1476 periculo
1348 1402 1582 1457 vestro
1625 1390 1763 1457 hoc
1807 1412 2015 1457 unum
2063 1403 2164 1458 est
2207 1391 2609 1471 remedium,
2657 1391 2845 1479 quod
2889 1391 3113 1458 subito
3158 1412 3406 1478 pacem
3453 1404 3522 1457 et
3567 1410 3801 1458 veram
3835 1389 4281 1458 concordiam
4313 1390 4502 1453 inter
4530 1407 4650 1453 vos

939 1499 970 1533 “
994 1497 1240 1564 iniatis.
1330 1495 1438 1587 Eij
1450 1497 1584 1563 cite
1645 1497 2000 1583 passiones
2057 1510 2340 1577 vestras,
2387 1510 2462 1563 ut
2523 1520 2656 1586 que
2717 1500 2805 1564 sit
2857 1497 3235 1585 reipublice
3300 1511 3369 1565 et
3429 1509 3677 1576 vestra,
3742 1510 4262 1584 vestrorumque
4325 1494 4646 1560 filliorum

947 1606 979 1638 “
1004 1602 1205 1683 salus,
1256 1604 1711 1692 cognoscatis,
1802 1602 2330 1691 Amplexamini,
2376 1625 2501 1672 vos
2544 1605 3128 1684 Mediolanenses,
3190 1617 3487 1671 vestram
3552 1616 3622 1671 et
3665 1616 3974 1671 sanctam
4033 1603 4387 1694 justitiam.
4481 1601 4649 1666 Tut-

940 1713 970 1746 “
995 1710 1233 1777 tamini
1275 1709 1552 1776 viduam
1599 1722 1669 1777 et
1712 1710 2067 1798 pupillum,
2115 1730 2252 1798 quo
2296 1710 2471 1776 nihil
2515 1712 2793 1801 gratius,
2839 1711 3013 1777 nihil
3057 1712 3412 1798 acceptius
3454 1711 3610 1776 Deo
3654 1709 3999 1777 inmortali
4029 1732 4073 1775 a
4103 1707 4302 1776 vobis
4333 1707 4488 1773 fieri
4529 1726 4650 1793 po-
4698 1706 4763 1770 10

942 1819 972 1854 ‘⁶
997 1828 1151 1884 test.
1242 1815 1567 1904 Vigilate,
1619 1816 1931 1884 laborate
1986 1830 2057 1885 et
2100 1830 2366 1885 vosmet
2409 1829 2650 1904 parate
2694 1818 2787 1884 ad
2835 1817 3218 1904 reipublice
3260 1816 3805 1884 subveniendum
3853 1828 3924 1882 et
3965 1815 4146 1882 illius
4177 1815 4644 1881 destructores

946 1925 976 1960 ‘⁶
999 1923 1492 1990 ulciscendum.
1583 1924 1848 1991 Cavete
1894 1946 2098 2012 quam
2145 1923 2712 2012 dilligentissime,
2761 1936 3003 1990 cavete
3051 1923 3140 1990 ab
3187 1924 3322 1989 illis
3366 1923 3637 1990 duobus
3696 1922 4071 1990 maioribus
4120 1919 4499 2009 rapacibus
4543 1939 4650 1984 ca·

944 2032 975 2065 ‘⁴
998 2028 1219 2108 nibus,
1265 2049 1438 2117 quos
1482 2027 1633 2096 dira
1675 2028 1903 2096 rabies
1946 2030 2251 2097 vindicte
2297 2030 2368 2096 in
2413 2051 2539 2098 vos
2582 2029 2913 2097 faciende
2946 2042 3017 2096 et
3059 2030 3492 2096 inmoderata
3536 2029 3939 2095 dominandi
3985 2028 4333 2115 cupiditas
4378 2024 4641 2092 invasit.

944 2138 974 2171 “
1002 2136 1313 2215 Servate,
1345 2148 1614 2202 servate
1644 2135 1937 2203 Cichum
1969 2147 2039 2202 et
2069 2158 2225 2202 eum
2253 2157 2475 2223 prope
2508 2156 2632 2204 vos
2663 2148 2914 2204 tenete.
3008 2135 3259 2203 Omnia
3290 2136 3544 2202 etenim
3573 2135 3773 2202 vobis
3802 2136 3985 2226 illius
4013 2133 4455 2210 auctoritate,
4491 2151 4648 2196 con-

946 2246 977 2279 “
1002 2242 1154 2309 silio
1201 2252 1271 2309 et
1317 2241 1530 2309 ductu
1572 2264 1909 2329 prospero
1968 2244 2062 2309 ad
2105 2255 2267 2310 vota
2310 2243 2712 2309 succedent.
2802 2242 3027 2310 Aliter
3072 2242 3267 2309 vobis
3312 2240 3601 2309 summe'
3669 2254 3739 2308 et
3781 2242 4015 2309 ultime
4061 2239 4453 2327 penitentie
4508 2237 4645 2304 erit.
4693 2235 4754 2301 15

947 2352 979 2384 “
1000 2348 1240 2417 Verba
1282 2369 1460 2427 mea,
1507 2368 1642 2436 que
1687 2349 1875 2415 haud
1920 2350 2100 2416 falsa
2145 2362 2320 2429 sunt,
2366 2371 2509 2416 non
2553 2350 2936 2439 negligatis.
3031 2347 3253 2417 Vobis
3285 2348 3486 2426 enim,
3517 2348 3793 2436 viteque
3841 2360 3911 2415 et
3953 2345 4343 2434 reipublice
4374 2343 4651 2411 subver-

946 2454 1182 2521 “sioni
1226 2454 1536 2541 pericula
1577 2454 1881 2542 undique
1929 2467 2083 2522 sunt
2107 2503 2169 2536 „.

1113 2559 1281 2627 Post
1324 2561 1457 2627 hec
1504 2562 1812 2627 secundo
1873 2561 2266 2629 novembris
2334 2563 2503 2629 1480
2562 2562 3009 2629 illustrissima
3053 2562 3333 2636 domina
3392 2561 3665 2628 ducissa
3709 2560 4094 2627 Mediolani
4157 2560 4545 2648 dedignata
4587 2569 4651 2622 et

936 2666 1116 2733 male
1165 2678 1492 2733 contenta
1535 2668 1821 2734 recessit
1867 2686 1955 2734 ex
1996 2668 2423 2747 Mediolano,
2469 2669 2647 2734 itura
2693 2669 2783 2735 ad
2828 2680 3061 2755 partes
3108 2667 3168 2732 F
3171 2668 3432 2747 rancie,
3478 2686 3612 2734 nec
3660 2666 3953 2754 amplius
4011 2687 4404 2743 reversura,
4466 2664 4647 2751 quod

941 2794 1071 2860 per
1100 2774 1362 2840 litteras
1389 2773 1829 2862 primogeniti
1858 2775 1962 2840 sui
1992 2774 2419 2842 illustrissimi
2468 2775 2732 2842 domini
2774 2775 3110 2864 Johannis
3156 2775 3416 2842 Galeaz
3464 2772 3662 2841 ducis
3705 2773 4091 2839 Mediolani
4132 2772 4413 2859 parvuli
4459 2770 4646 2836 etatis
4685 2770 4755 2834 20

945 2899 1278 2946 annorum
1325 2879 1697 2946 duodecim
1742 2880 2198 2968 significatum
2246 2881 2380 2947 fuit
2427 2880 2828 2948 officialibus
2872 2881 3144 2960 Parme,
3201 2880 3318 2968 qui
3377 2879 3604 2947 multis
3668 2878 3930 2946 civibus
3972 2879 4240 2945 vocatis
4286 2878 4480 2943 hunc
4526 2878 4643 2943 du-

943 2984 1117 3051 cisse
1163 3005 1511 3053 recessum
1555 2985 2103 3072 publicaverunt.
2195 2987 2402 3053 Nunc
2444 3008 2616 3055 vero
2662 2999 3003 3074 apparent
3049 2988 3345 3053 effectus
3389 2985 3587 3074 ignis,
3637 2986 3755 3072 qui
3809 2996 3913 3051 tot
3962 2984 4282 3052 noctibus
4329 2982 4644 3070 apparuit

940 3092 1010 3156 in
1059 3092 1247 3158 aiere
1294 3092 1594 3179 desuper
1637 3105 1858 3159 turem
1906 3094 2113 3159 castri
2157 3093 2561 3173 Mediolani,
2605 3096 2677 3159 in
2724 3116 2860 3182 qua
2905 3094 3181 3159 domina
3226 3093 3502 3159 ducissa
3558 3091 3976 3159 morabatur.
4067 3091 4359 3158 Utinam
4405 3089 4525 3194 hic
4564 3089 4642 3154 sit

939 3198 1091 3263 finis
1138 3210 1207 3265 et
1249 3221 1339 3265 ne
1383 3199 1629 3266 inditia
1673 3199 1852 3266 male
1897 3201 2034 3266 hoc
2081 3221 2261 3266 anno
2309 3201 2400 3266 de
2444 3199 2851 3268 Mediolano
2897 3199 3253 3289 loquentia
3298 3200 3760 3266 verificentur.

1118 3305 1435 3372 Bononie
1481 3307 1619 3373 hoc
1664 3318 1975 3393 tempore
2021 3308 2235 3393 pestis
2280 3307 2469 3394 cepit
2513 3308 2748 3395 vigere
2797 3319 2867 3374 et
2912 3306 3259 3373 dubitatur
3303 3306 3453 3372 fieri
3499 3325 3784 3394 gueram
3841 3305 4021 3371 inter
4063 3304 4544 3371 Bononienses
4586 3314 4647 3367 et
4683 3298 4750 3366 25

942 3412 1263 3478 comitem
1309 3412 1734 3500 Jeronimum
1780 3413 2131 3479 dominum
2176 3413 2415 3481 Imolle
2450 3426 2521 3481 et
2563 3413 2872 3503 Forlivij,
2903 3414 3146 3480 summi
3189 3413 3535 3500 pontificis
3581 3412 3755 3480 Sixti
3796 3425 4123 3499 nepotem
4168 3423 4239 3478 et
4289 3422 4646 3500 cognatum

934 3518 1194 3586 domini
1244 3520 1443 3587 ducis
1484 3519 1869 3587 Mediolani
1918 3542 2005 3586 ex
2049 3542 2286 3589 sorore
2334 3521 2647 3602 naturali,
2696 3520 2789 3589 ob
2852 3532 3043 3588 certa
3089 3531 3334 3600 castra,
3398 3540 3534 3608 que
3595 3520 3743 3607 ipse
3809 3540 4043 3587 comes
4099 3519 4276 3607 petit
4322 3541 4368 3586 a
4427 3514 4647 3585 Bono-

876 3681 897 3697 .
940 3627 1290 3694 niensibus

1116 3733 1357 3822 Usque
1400 3733 1473 3800 in
1518 3754 1753 3801 mense
1815 3736 2085 3823 augusti
2145 3737 2456 3822 proxime
2517 3736 2697 3803 cursi
2758 3735 3013 3803 fiebant
3075 3734 3319 3802 larvati
3377 3735 3452 3801 in
3516 3734 3791 3802 civitate
3852 3733 4102 3801 Parme
4148 3733 4261 3800 die
4316 3745 4647 3819 nocteque

950 3839 1132 3906 festa
1193 3841 1443 3906 civium
1505 3841 1947 3922 discurentia,
2009 3840 2250 3908 diebus
2307 3843 2599 3909 maxime
2658 3840 2958 3921 fe'stivis,
3021 3861 3393 3929 omnesque
3438 3862 3627 3906 arma
3685 3841 3964 3927 impune
4019 3839 4415 3927 portabant.
4506 3839 4646 3904 Nec
4681 3835 4750 3900 30

941 3947 1207 4031 profuit
1250 3947 1610 4034 proclama
1658 3948 1920 4015 domini
1950 3949 2140 4015 Petri
2170 3949 2399 4015 Trotti
2447 3950 2885 4036 commissarii
2920 3949 3189 4027 Parme,
3222 3949 3410 4035 quod
3442 3971 3485 4014 a
3514 3948 3787 4014 nemine
3834 3947 4128 4013 timetur.
4176 3945 4460 4034 Ubique
4492 3945 4648 4009 fiunt

943 4052 1125 4131 rixe3
1176 4054 1594 4122 derobantur
1637 4055 1830 4120 multi
1847 4080 1866 4134 ;
1916 4055 2232 4122 euntibus
2276 4056 2349 4120 in
2393 4067 2602 4122 nocte
2646 4076 2775 4142 pro
2824 4054 3383 4122 neccessitatibus
3429 4052 3968 4132 occurrentibus,
4017 4052 4238 4120 torcie
4300 4063 4376 4119 et
4437 4063 4648 4118 vestes

942 4160 1406 4246 accipiuntur3
1455 4162 1767 4227 nonnulli
1814 4161 1999 4248 capti
2046 4173 2116 4228 et
2162 4161 2428 4248 capillis
2473 4162 2670 4229 incisi
2716 4173 2786 4227 et
2829 4160 2901 4226 in
2962 4160 3316 4227 canalibus
3360 4161 3654 4247 proiecti
3715 4172 3906 4237 sunt3
3960 4159 4271 4247 virgines
4319 4169 4394 4226 et
4452 4168 4647 4244 nupte

941 4267 1330 4351 rapiuntur;
1383 4268 1752 4334 homicidia
1798 4280 1869 4334 et
1913 4268 2197 4335 vulnera
2240 4269 2575 4355 impunita
2619 4278 3124 4355 perpetrantur.
3216 4266 3602 4346 Dubitatur,
3633 4289 3721 4335 ne
3757 4266 3848 4333 ob
3880 4267 4018 4333 hoc
4047 4266 4235 4333 Deus
4277 4266 4495 4331 iratus
4534 4282 4648 4348 pe-

943 4370 1091 4438 iora
1135 4373 1335 4442 nobis
1379 4374 1734 4461 peioribus
1782 4375 2121 4442 conferat.
4682 4364 4747 4432 35

1119 4479 1312 4547 Inter
1355 4481 1489 4547 alia
1530 4481 1862 4560 enormia,
1908 4481 2135 4547 multis
2178 4480 2493 4548 noctibus
2541 4494 2609 4548 et
2655 4482 2938 4549 diversis
2971 4480 3232 4548 civibus
3280 4480 3470 4548 facta
3513 4493 3671 4548 sunt
3714 4481 3805 4548 ab
3853 4500 4089 4547 eorum
4136 4480 4394 4547 civium
4422 4476 4646 4563 hostiis

944 4604 1159 4671 usque
1205 4587 1299 4653 ad
1342 4585 1793 4672 postribulum
1855 4587 2215 4654 semineria
2274 4587 2416 4653 lata
2461 4587 2705 4654 remuli
2767 4608 2890 4674 per
2951 4588 3096 4654 vias
3157 4587 3472 4674 publicas
3528 4588 3600 4653 in
3659 4587 3894 4674 platea
3940 4599 4011 4653 et
4065 4586 4159 4653 ad
4201 4584 4641 4672 postribulum

947 4691 1321 4759 tendentia.

1130 4798 1653 4886 Quamprimum
1701 4801 1979 4867 domina
2024 4801 2297 4867 ducissa
2340 4800 2731 4868 Mediolani
2781 4821 2867 4867 ex
2911 4800 3314 4868 Mediolano
3363 4801 3698 4881 discessit,
3746 4811 3823 4868 ut
3870 4823 4078 4888 supra
4123 4810 4227 4867 est
4277 4810 4637 4873 narratum,

950 4902 1228 4971 illustris
1274 4906 1589 4973 dominus
1633 4907 2033 4975 Ludovicus
2080 4907 2356 4975 Sforcia
2402 4908 2691 4974 ducale
2736 4908 3158 4996 gubernator
3188 4908 3552 4997 generalis,
3596 4920 3879 4996 patruus
3923 4908 4353 4974 illustrissimi
4401 4901 4640 4971 domini
4680 4897 4746 4962 40

948 5008 1143 5076 ducis
1186 5013 1406 5098 parvi,
1441 5033 1675 5079 curam
1709 5026 1779 5080 et
1809 5013 2152 5081 tuttellam
2197 5016 2405 5102 ipsius
2452 5014 2710 5079 domini
2755 5015 2951 5081 ducis
2987 5015 3386 5080 solemniter
3416 5014 3718 5101 suscepit
3749 5027 3820 5081 et
3848 5014 4028 5079 illius
4059 5013 4288 5080 factus
4320 5025 4427 5079 est
4456 5022 4643 5085 tutor,

948 5128 1156 5203 atque
1206 5131 1501 5185 curator.
1579 5121 1733 5186 Nec
1779 5122 1988 5213 redijt
2031 5122 2217 5188 idem
2261 5122 2575 5187 dominus
2636 5121 2778 5186 dux
2822 5120 3223 5200 habitatum,
3269 5120 3388 5186 ubi
3431 5122 3620 5208 prius
3664 5120 3912 5199 stabat,
3960 5132 4330 5207 antequam
4375 5119 4644 5183 intraret

952 5223 1311 5290 rochetam
1360 5226 1564 5293 castri
1627 5226 1836 5294 Porte
1900 5228 2110 5316 Jovis,
2132 5229 2435 5316 ,quando
2482 5226 2745 5313 expulit
2787 5227 3172 5307 Tassinum,
3234 5240 3312 5294 ut
3372 5248 3579 5313 supra
3626 5239 3730 5293 est
3776 5238 4170 5305 narratum3
4219 5227 4346 5293 sed
4389 5226 4460 5290 in
4501 5223 4639 5308 ipsa

951 5331 1239 5396 rocheta
1282 5333 1530 5399 mansit
1575 5354 1703 5420 pro
1751 5356 1874 5400 sua
1916 5333 2362 5401 habitatione.

1126 5437 1302 5504 Cum
1345 5440 1664 5525 prefacta
1710 5440 2156 5507 illustrissima
2200 5440 2478 5506 domina
2540 5440 2811 5507 ducissa
2869 5439 3312 5527 applicuisset
3371 5441 3443 5506 in
3507 5439 3857 5506 Sabaudia
3903 5439 4269 5518 Vercellis,
4333 5438 4628 5524 Filippus
4665 5424 4731 5494 45

951 5541 1361 5633 Monsignor
1391 5545 1611 5611 frater
1655 5567 1834 5624 suus,
1883 5547 1997 5633 qui
2027 5545 2121 5611 ibi
2155 5556 2322 5625 erat,
2353 5544 2726 5633 prohibuit,
2757 5568 2845 5612 ne
2876 5546 3158 5612 ulterius
3186 5548 3749 5635 progrederetur.
3842 5546 3936 5612 Et
3967 5545 4065 5613 sic
4098 5545 4332 5617 etiam.
4363 5545 4638 5610 instante

950 5649 1166 5715 multo
1211 5650 1475 5736 populo
1539 5650 2069 5731 Mediolanensi,
2115 5664 2302 5720 retro
2347 5671 2550 5719 versa
2594 5663 2698 5719 est
2760 5666 2829 5719 et
2886 5652 3363 5719 Mediolanum
3422 5652 3672 5720 nolluit
3732 5654 3991 5732 venire,
4056 5653 4181 5719 sed
4242 5674 4317 5719 se
4363 5644 4639 5716 firmavit

954 5752 1228 5822 Abiate.
1324 5756 1416 5822 Et
1463 5777 1615 5822 cum
1661 5758 1787 5824 has
1833 5758 2302 5825 discensiones
2345 5758 2763 5849 intelligeret
2806 5750 2931 5825 rex'
2975 5759 3268 5827 Francie
3319 5772 3651 5848 cognatus
3712 5781 3892 5839 suus,
3954 5760 4102 5846 ipse
4151 5770 4222 5826 et
4268 5758 4491 5826 dictus
4533 5752 4637 5819 Fi-

1127 6015 1177 6067 8.
1215 6013 1540 6083 reipublice]
1574 6017 1637 6069 in
1672 6016 1978 6083 reipublice
2010 6018 2124 6069 cod.
2167 6044 2231 6056 —
2268 6031 2355 6085 4²·
2393 6033 2497 6071 nec
2532 6018 2722 6088 redtjt]
2762 6015 2791 6069 ἃ
2826 6023 3053 6073 correcto
3087 6019 3243 6072 dalla
3277 6028 3449 6076 stes-sa
3484 6036 3642 6074 mano
3678 6038 3740 6073 su
3777 6020 4057 6091 rediitque
