4895 7066
332 529 431 604 [A.
464 530 610 586 14³0
644 528 911 599 onoma
1499 521 1614 596 IN
1667 519 2185 594 PARTmUs
2242 519 2877 593 LoMBARmE
3949 514 4044 597 79

1582 665 3477 680 m·m·uu.fflu.fflm-·wmfflmfflffl„
3483 669 3489 675 .
3495 667 3560 675 n...-

494 780 594 848 De
632 800 869 849 mense
920 783 1239 853 octobris
1289 785 1458 851 1480
1504 785 1852 871 completa
1896 783 2034 850 fuit
2080 783 2333 872 copula
2361 780 2625 851 eclexie
2656 781 2899 850 Sancti
2930 780 3118 849 Petri
3129 777 3456 870 :civitatis
3483 778 3737 848 Parme
3767 780 3845 848 in
3889 782 4044 871 pla-
4219 814 4263 848 e.
4289 800 4349 854 ε.
4377 812 4413 845 v

348 889 482 966 teis,
521 887 590 953 in
631 889 862 957 forma
906 890 1276 959 multorum
1320 891 1728 980 angulorum
1773 892 1869 960 ad
1914 889 2436 957 similitudinem
2483 889 2736 977 copule
2770 889 3073 956 ecclesie
3106 889 3386 956 maioris
3412 887 3830 956 Parmensis.

498 995 794 1063 Turchis
836 999 985 1064 hoc
1029 1008 1343 1085 tempore
1387 997 1800 1066 vexantibus
1844 1018 2083 1088 regem
2129 997 2659 1066 Ferdinandum
2700 996 2778 1062 in
2821 994 3124 1083 Apullea
3168 1007 3239 1063 et
3282 993 3596 1083 Aprucio
3630 1015 3788 1063 com
3819 996 4043 1087 agmi-

330 1101 516 1168 m’bus
558 1100 849 1185 duobus,
896 1103 1256 1193 caballarii
1303 1106 1592 1172 multum
1638 1103 2181 1193 frequentabant
2226 1104 2363 1171 iter
2405 1125 2451 1170 a
2496 1102 2798 1191 Neapoli
2827 1101 3329 1183 Mediolanum,
3375 1124 3545 1193 rege
3591 1102 4049 1172 Ferdinando

246 1207 283 1274 5
326 1210 685 1277 infestante
730 1210 1260 1279 illustrissimam
1306 1213 1655 1280 dominam
1688 1213 2036 1280 ducissam
2067 1210 2460 1279 Mediolani
2491 1222 2562 1278 et
2591 1209 2948 1279 dominum
2980 1211 3230 1279 ducem
3274 1231 3589 1298 parvum,
3636 1209 3828 1297 quod
3872 1230 4045 1299 gue-

324 1338 467 1382 ram
507 1330 827 1404 rompant
872 1330 1121 1388 contra
1162 1322 1476 1390 Venetos
1503 1319 1581 1387 in
1609 1340 1780 1409 agro
1810 1319 2161 1404 Brisiensi,
2208 1317 2539 1406 quoniam
2589 1317 2869 1398 dicitur,
2915 1318 3103 1406 ipms
3145 1316 3456 1386 Venetos
3499 1336 3774 1385 causam
3820 1316 4041 1383 fuisse

324 1422 816 1493 introducendi
859 1426 1184 1495 Turchos
1226 1427 1298 1493 in
1332 1427 1581 1508 hallia,
1612 1447 1769 1494 com
1801 1424 2054 1515 quibus
2081 1446 2327 1514 pacem
2358 1436 2429 1493 et
2460 1425 2975 1514 colligationem
3007 1426 3472 1505 firmaverunt,
3503 1435 3581 1491 ut
3609 1443 3845 1512 regem
3877 1445 4043 1512 pre-

321 1529 581 1597 dictum
628 1552 672 1597 a
717 1532 913 1601 dicto
959 1555 1181 1624 regno
1225 1534 1584 1622 pellerent,
1628 1533 1748 1621 qui
1790 1532 2222 1600 vociferatur
2265 1531 2565 1599 voluisse
2612 1532 2768 1598 totti
2811 1531 3020 1599 Italie
3066 1531 3292 1620 legem
3337 1531 3540 1609 dare3
3587 1529 3713 1598 sed
3756 1530 4046 1598 Venetis

314 1636 624 1724 undique
672 1640 767 1706 ad
812 1641 1121 1709 confinia
1164 1641 1458 1709 ducatus
1506 1638 1902 1709 Mediolani
1946 1639 2215 1726 stipatis
2258 1659 2478 1728 usque
2523 1639 2738 1705 modo
2768 1647 3014 1704 contra
3044 1657 3166 1704 eos
3196 1637 3370 1704 nihil
3399 1648 3883 1724 attemptatum
3916 1647 4042 1704 est.

195 1744 269 1807 10
489 1744 591 1811 Ut
636 1758 869 1812 autem
918 1748 1285 1815 ducalibus
1328 1747 1689 1838 armigeris
1733 1745 2086 1834 stipendia
2128 1746 2635 1834 persolvantur,
2697 1744 2925 1831 posita
2976 1754 3080 1811 est
3122 1743 3199 1810 in
3243 1753 3394 1811 toto
3441 1743 3753 1816 dominio
3800 1741 4041 1810 ducali

310 1849 499 1916 inter
539 1853 987 1943 presbyteros
1030 1854 1333 1922 collecta
1378 1865 1448 1922 et
1495 1854 1685 1921 clero
1730 1850 2091 1919 Parmensi
2124 1853 2194 1918 in
2226 1851 2567 1920 catedrali
2613 1850 2910 1918 ecclesia
2955 1851 3188 1917 datum
3236 1850 3369 1918 fuit
3413 1869 3588 1917 onus
3631 1850 4042 1918 ducatorum

309 1955 840 2045 quingintorum
884 1960 1134 2050 viginti
1195 1981 1334 2028 sex.
1427 1958 1747 2038 Quilibet
1806 1979 1973 2026 vero
2033 1971 2387 2045 exemptus
2446 1957 2764 2037 clericus,
2827 1957 2940 2026 vel
2985 1957 3352 2048 religiosus
3394 1967 3663 2025 taxatus
3707 1956 3846 2023 fuit
3903 1953 4050 2021 sin-

302 2057 668 2145 gulariter.
761 2061 854 2128 Et
899 2062 1176 2151 singulo
1220 2062 1540 2131 salariato
1586 2074 1849 2131 retente
1895 2072 2054 2129 sunt
2099 2073 2243 2129 tres
2286 2081 2491 2150 page.

483 2159 665 2229 Orta
707 2162 850 2231 fuit
894 2176 1201 2252 tempore
1261 2165 1398 2233 hoc
1458 2165 1545 2232 lis
1604 2163 1784 2232 inter
1831 2162 2278 2254 magnificum
2343 2163 2699 2231 dominum
2760 2161 3332 2230 Petrummariam
3392 2160 3718 2230 Rubeum
3780 2171 3853 2229 et
3912 2160 4041 2228 do-

166 2265 247 2330 15
298 2267 567 2334 minum
618 2268 1009 2359 johannem
1054 2272 1504 2339 Franciscum
1551 2268 2055 2338 Pallavicinum
2102 2268 2194 2338 ob
2243 2270 2665 2357 emptionem
2711 2270 3030 2338 villarum
3077 2268 3321 2358 Stagni
3367 2280 3443 2336 et
3483 2265 3845 2346 Tellaroli,
3890 2266 4044 2354 ripe

292 2368 484 2442 Padi
529 2375 733 2456 citra,
778 2378 932 2468 agri
962 2377 1473 2456 Cremonensis,
1505 2378 2001 2444 confinantium
2034 2388 2265 2444 castro
2297 2375 2855 2445 Rocheblanche
2885 2377 3149 2445 domini
3178 2372 3589 2443 Petrimarie
3616 2374 3881 2442 factam
3911 2394 4045 2460 per

297 2481 578 2548 dictum
627 2482 987 2550 dominum
1032 2483 1419 2572 Johannem
1449 2483 1901 2553 Franciscum
1934 2506 1977 2551 a
2006 2483 2266 2551 ducalli
2298 2503 2593 2550 camera.
2689 2482 2802 2551 Ob
2849 2484 3039 2574 quod
3082 2482 3246 2549 hinc
3293 2482 3459 2548 inde
3503 2481 3698 2549 facta
3741 2477 4042 2547 maxima

294 2600 733 2655 armatorum
795 2591 1377 2672 cohadunatione,
1425 2592 1515 2658 de
1559 2592 1887 2659 mandato
1918 2591 2152 2658 ducali
2206 2591 2523 2678 deposita
2568 2603 2728 2658 sunt
2770 2612 2961 2657 arma
2993 2601 3064 2657 et
3093 2600 3389 2676 utraque
3419 2610 3583 2676 pars
3626 2596 3878 2655 vocata
3907 2586 4044 2654 fuit

292 2694 723 2776 Mediolani,
768 2697 865 2765 ad
909 2699 1100 2786 quod
1146 2698 1464 2765 dominus
1509 2698 1743 2766 Guido
1787 2697 1966 2765 filius
2008 2697 2309 2785 prefacti
2371 2697 2639 2764 domini
2671 2695 3079 2765 Petrimarie
3108 2717 3237 2784 pro
3268 2707 3467 2783 patre
3511 2706 3617 2763 est
3658 2694 4039 2782 profectus.

150 2803 243 2865 20
482 2802 767 2870 Octavo
830 2804 1141 2873 octobris
1199 2826 1359 2872 cum
1418 2805 1608 2873 facte
1669 2805 1963 2872 fuissent
2038 2805 2665 2892 proclamationes,
2742 2817 2819 2871 ut
2877 2805 3366 2893 profanatores
3424 2801 4041 2872 sacratissimarum

295 2906 576 2975 Christi
622 2909 1201 2978 heucaristiarum
1245 2913 1322 2978 in
1367 2911 1679 3000 ecclesiis
1722 2909 1971 2979 Parme
2017 2911 2621 2990 denuntiarent-un
2669 2911 2862 2999 capti
2909 2923 3068 2979 sunt
3127 2908 3440 2977 nonnulli
3484 2908 3786 2976 viatores
3838 2928 4033 2976 men·

297 3015 450 3081 dici
500 3016 592 3082 de
640 3016 781 3085 hoc
826 3018 1198 3108 sacrilegio
1243 3019 1567 3105 suspecti,
1616 3016 1708 3086 ob
1757 3019 1949 3106 quod
1994 3019 2159 3085 dum
2203 3039 2379 3084 unus
2425 3038 2516 3086 ex
2563 3018 2662 3086 eis
2707 3020 3097 3099 duceretur,
3151 3015 3378 3084 omnis
3421 3016 3721 3103 populus
3764 3014 4035 3103 Capitis

294 3119 551 3189 Pontis
593 3123 813 3204 illum,
862 3125 1029 3191 dum
1074 3126 1168 3193 ad
1214 3124 1545 3193 officiales
1592 3126 1946 3205 ducerent,
1993 3125 2307 3193 insectati
2351 3138 2530 3193 sunt.
2621 3125 2941 3193 Tandem
2971 3123 3228 3210 reperti
3260 3133 3419 3190 sunt
3449 3124 3846 3211 insomptes.
3941 3121 4036 3190 Et

298 3227 375 3293 in
420 3229 668 3298 multis
712 3231 1033 3321 ecclesiis
1078 3231 1204 3300 sub
1250 3232 1473 3300 stallis
1514 3231 1873 3299 mulierum
1917 3244 2194 3319 reperta
2240 3243 2401 3300 sunt
2446 3231 2895 3299 tabernacula
2938 3231 3093 3298 sine
3137 3229 3386 3320 hostiis
3431 3230 3814 3298 devastata.

162 3333 251 3400 25
489 3333 807 3413 Quidam
854 3338 1109 3405 nobilis
1152 3338 1242 3405 de
1286 3338 1616 3426 Spinolis,
1659 3350 1738 3406 ut
1782 3349 2158 3426 occuparet
2204 3350 2397 3406 certa
2443 3349 2670 3405 castra
2714 3338 2945 3426 patrui
2988 3336 3084 3404 ad
3127 3337 3431 3405 confinia
3471 3337 3696 3426 Janue
3741 3336 3812 3403 in
3856 3336 4035 3405 Ter-
4185 3370 4226 3400 e.
4252 3360 4316 3409 es
4345 3371 4373 3400 r

306 3437 611 3505 donensi
657 3451 979 3527 patruum
1026 3439 1375 3522 mactavit,
1421 3452 1809 3530 captusque
1856 3441 1932 3507 in
1976 3440 2380 3508 Mediolano
2428 3440 2657 3527 capite
2701 3440 2984 3527 punitus
3029 3452 3153 3507 est.

485 3541 710 3628 Papie
756 3561 916 3609 cum
963 3543 1244 3633 quidam
1288 3544 1684 3612 causidicus
1726 3545 1817 3611 de
1863 3543 2217 3632 Fornarijs
2262 3543 2462 3610 dives
2508 3553 2579 3610 et
2622 3555 2875 3631 potens
2920 3563 3077 3612 com
3122 3541 3294 3610 fillio
3355 3554 3554 3612 extra
3611 3540 3859 3610 urbem
3918 3565 4042 3612 va-

302 3654 533 3733 garet‚
583 3665 629 3709 a
671 3645 977 3732 quodam
1023 3645 1451 3734 collitigante
1496 3667 1622 3713 suo
1667 3644 2030 3714 insultatus
2076 3646 2397 3714 concisus
2441 3645 2596 3712 fuit.

490 3745 661 3824 Quo
709 3746 919 3812 etiam
963 3759 1277 3833 tempore
1339 3748 1505 3813 dum
1549 3748 1747 3814 miles
1790 3747 2145 3834 potestatis
2188 3747 2406 3836 Papie
2454 3758 2714 3815 emeret
2758 3748 2830 3815 in
2874 3748 3126 3836 plateis
3167 3746 3418 3836 pisces,
3461 3767 3622 3815 cum
3666 3756 3867 3817 ense·
3912 3768 4043 3837 per
4191 3769 4346 3820 uon,
4378 3769 4458 3813 εει

178 3846 264 3912 30
304 3847 669 3934 quendam
711 3848 1139 3938 incognitum
1187 3849 1460 3936 occipio
1505 3869 1873 3936 percussus
1919 3848 2244 3917 decessit.

488 3949 675 4017 Cum
720 3949 1177 4018 illustrissima
1223 3951 1504 4018 domina
1550 3952 1831 4019 domina
1875 3952 2075 4020 Bona
2119 3952 2394 4020 ducissa
2438 3952 2824 4021 Mediolani
2870 3953 3243 4022 exaltasset
3288 3953 3638 4042 quendam
3688 3954 4043 4025 dominum

307 4054 702 4123 Antonium
744 4056 1113 4123 Tassinum
1156 4057 1658 4136 Ferariensem‚
1690 4058 1860 4125 alias
1889 4058 2344 4127 camerarium
2393 4059 2657 4127 domini
2688 4060 2887 4127 ducis
2917 4060 3206 4128 Galleaz
3242 4070 3312 4127 et
3343 4060 3534 4127 illum
3569 4061 3917 4143 dictasset,
3947 4048 4033 4129 ac

312 4162 765 4248 splendidum
812 4162 1114 4242 fecisset,
1160 4183 1295 4231 nec
1338 4184 1483 4231 non
1530 4164 1956 4232 Gabriellem
2001 4176 2272 4253 patrem
2315 4187 2510 4233 suum
2553 4167 2648 4233 ad
2694 4166 3059 4234 consilium
3101 4177 3318 4234 status
3360 4167 3781 4255 deputasset,
3813 4166 4042 4257 genti-

316 4266 587 4356 busque
631 4268 995 4356 armigeris
1035 4269 1471 4357 prefecisset,
1519 4270 1697 4337 adeo
1743 4271 1932 4359 quod
1975 4270 2202 4337 nullus
2244 4271 2419 4339 alius
2463 4272 2539 4338 in
2585 4274 2995 4341 auctoritate
3026 4285 3097 4341 et
3140 4273 3386 4362 gratijs
3429 4294 3648 4359 penes
3691 4273 4043 4341 dominam

195 4372 273 4439 35
318 4374 664 4441 ducissam
711 4394 832 4441 eos
878 4376 1359 4456 antecedebat,
1403 4396 1540 4444 nec
1588 4375 1905 4466 equabat‚
1967 4376 2060 4444 ob
2120 4398 2410 4466 quorum
2475 4378 2750 4446 ellatam
2811 4379 3206 4465 superbiam
3267 4378 3589 4446 omnibus
3645 4380 3821 4447 facti
3881 4391 4041 4447 sunt

320 4480 531 4548 exosi.
624 4481 944 4571 Cumque
988 4482 1080 4548 de
1124 4482 1280 4570 ipso
1325 4483 1611 4551 domino
1654 4482 1965 4550 Antonio
2009 4483 2306 4553 Tassino
2352 4484 2532 4553 male
2578 4485 3044 4573 suspicaretur
3088 4484 3181 4553 ob
3226 4496 3492 4554 tantam
3535 4485 3852 4575 gratiam,
3899 4506 4039 4575 qua

322 4607 541 4674 penes
586 4587 939 4654 dominam
983 4589 1410 4675 prevalebat,
1460 4591 1575 4657 die
1618 4590 1913 4678 septimo
1958 4589 2256 4658 ottobris
2307 4591 2479 4659 1480
2524 4594 2700 4661 hora
2745 4593 3019 4661 decima
3062 4591 3352 4681 septima
3384 4592 3878 4663 illustrissimus
3908 4593 4035 4659 do-

323 4695 546 4759 minus
592 4693 736 4758 dux
776 4714 1032 4779 parvus
1079 4696 1283 4761 etatis
1329 4716 1668 4763 annorum
1708 4697 1828 4788 xij.
1876 4697 2158 4765 intravit
2199 4698 2562 4767 rochetam
2608 4699 2820 4766 castri
2866 4697 3079 4765 Porte
3108 4698 3306 4787 Jovis
3350 4720 3491 4766 una
3552 4717 3711 4765 cum
3755 4697 4041 4765 domino

327 4798 761 4866 Pallavicino
807 4810 880 4866 et
927 4800 1214 4868 domino
1259 4802 1655 4873 Franchino
1687 4803 2000 4893 Chaymo
2032 4803 2614 4892 gubernatoribus
2657 4805 2820 4885 suis,
2866 4804 3178 4894 fecitque
3221 4817 3472 4892 pontes
3533 4805 3740 4872 castri
3781 4804 4039 4893 ubique

216 4908 295 4972 40
330 4905 562 4983 levari,
606 4926 695 4972 ac
738 4905 899 4992 capi
944 4916 1017 4972 et
1059 4906 1361 4975 detineri
1420 4908 1648 4976 dictos
1692 4907 1783 4975 de
1829 4909 2164 4989 Tassinis,
2224 4922 2496 4999 patrem
2560 4922 2630 4977 et
2689 4910 2928 4989 filium,
2986 4911 3350 5000 ipsumque
3403 4911 3758 4980 dominum
3816 4908 4041 4978 Anto-

328 5013 511 5078 nium
580 5011 913 5079 associari
978 5013 1070 5079 ad
1140 5012 1489 5081 civitatem
1551 5015 1857 5095 Ferarie,
1921 5035 2057 5103 que
2118 5028 2223 5084 est
2264 5017 2492 5103 patria
2549 5016 2658 5084 sui
2722 5028 2795 5084 et
2853 5015 2978 5085 ubi
3027 5028 3133 5083 est
3174 5018 3341 5084 satis
3393 5017 3607 5085 dives.
3699 5016 4040 5104 Sumpsit-

334 5141 459 5207 que
516 5120 831 5207 regimen
890 5132 962 5187 et
1016 5118 1679 5188 administrationem
1723 5134 1939 5190 status
1984 5124 2187 5190 matri
2228 5144 2352 5190 sue
2398 5123 2678 5192 domine
2740 5123 3037 5206 ducisse,
3077 5125 3329 5205 ¹dicens
3386 5145 3463 5191 se
3523 5125 3694 5193 licet
3749 5144 4040 5211 parvum

332 5225 475 5293 vele
520 5226 868 5311 imperate
912 5238 984 5293 et
1009 5236 1298 5292 matrem
1342 5227 1664 5294 viduitati
1708 5247 1980 5296 vacare.
2070 5229 2181 5296 De
2225 5248 2363 5319 quo
2408 5228 2513 5296 sic
2560 5250 2604 5295 a
2646 5230 2964 5317 principe
3010 5231 3210 5317 quasi
3253 5229 3526 5297 infante
3568 5240 3767 5321 gesto
3798 5248 4042 5296 omnes

334 5331 699 5418 predicant
742 5343 814 5397 et
854 5331 1278 5398 admirantur
1288 5356 1307 5410 ς
1357 5344 1432 5400 et
1490 5353 1581 5402 ne
1644 5334 1891 5402 civitas
1949 5335 2043 5401 ad
2100 5356 2292 5402 arma
2351 5335 2765 5425 insurgeret,
2827 5336 3152 5403 dominus
3211 5335 3570 5405 Robertus
3631 5358 3721 5403 ex
3780 5335 4041 5403 Sancto

228 5436 299 5504 45
339 5436 688 5515 severino,
733 5436 1054 5503 dominus
1094 5437 1454 5526 Johannes
1495 5437 1803 5529 Jacobus
1863 5441 1951 5508 de
2011 5440 2360 5510 Trivultio
2405 5453 2477 5508 et
2523 5442 2840 5510 dominus
2882 5440 3234 5509 Antonius
3279 5444 3370 5510 de
3416 5441 3769 5510 Marliano
3827 5440 4043 5509 intra-

336 5555 575 5609 verunt
619 5544 884 5609 curiam
926 5555 1257 5625 veterem,
1303 5558 1701 5614 exortantes
1746 5547 1935 5614 cives
1979 5547 2074 5615 ad
2117 5548 2660 5636 tranquilitatem
2717 5560 2789 5616 et
2830 5548 2904 5615 in
2952 5548 3270 5616 omnibus
3322 5549 3679 5641 fortilicijs
3724 5548 4037 5617 locorum

336 5661 539 5716 statua
583 5646 973 5717 Mediolani
1017 5662 1277 5720 mutata
1317 5665 1480 5719 sunt
1522 5653 1988 5744 contrasignia
2017 5666 2088 5721 et
2117 5654 2510 5722 ordinatum
2559 5665 2685 5733 est,
2717 5655 2909 5742 quod
2940 5655 3073 5722 soli
3105 5654 3294 5723 dicto
3338 5655 3647 5743 principi
3691 5666 4038 5744 pareatur.

336 5753 435 5822 Ob
479 5755 674 5844 quod
718 5755 981 5824 necubi
1023 5757 1215 5825 facta
1260 5769 1367 5826 est
1407 5759 1641 5847 aliqua
1684 5760 1975 5839 novitas,
2022 5760 2188 5828 licet
2248 5780 2488 5829 omnes
2532 5771 2798 5829 starent
2840 5760 3070 5829 animo
3115 5780 3472 5850 suspenso.
3563 5758 4038 5849 Remotusque

336 5861 454 5929 fuit
494 5859 879 5930 Allovisius
920 5862 1276 5931 Bechetus
1318 5865 1735 5933 secretarius
1778 5865 1869 5933 ab
1913 5866 2127 5935 offitio
2174 5886 2318 5935 suo.
3402 5899 3407 5902 ·

497 6051 578 6107 ιε.
611 6050 984 6124 natureae
1020 6054 1136 6107 cod.
