4895 7066
872 537 891 547 -
962 476 1063 554 60
2250 482 2732 561 CRONICA
2789 480 3368 561 GESTORUM
3681 497 3788 569 [A.
3827 494 3992 558 14⁷9
4031 492 4680 569 orme-novembre!

1240 642 1363 651 —v-o--n-o·
1750 642 1957 651 ...auno—oua·—
1948 644 2095 651 ..nomm-›-
2099 644 2165 651 ..σου
2168 644 2235 651 oon-00·-
2238 644 2317 652 0004-
2344 645 2526 652 nae—mm-
2531 645 2642 652 -mon
2667 645 2758 652 em
2761 645 2780 652 ι
2807 645 2886 652 ...κ-
2889 645 2944 652 ...ι-
2947 645 3014 652 om
3017 645 3085 652 ..o--
3099 645 3222 652 ,Νι-...ο
3413 645 3573 652 nnm--sa
3589 645 3700 652 mna-..u
3717 645 4270 652 mum.m-a-.m.„.0mma-
4281 645 4468 652 ..u-...naa-

956 747 1196 817 robate
1241 762 1427 829 sunt;
1472 762 1804 839 tantaque
1848 752 2072 819 crevit
2114 752 2395 819 audatia
2440 752 2664 820 tribus
2707 753 3027 841 squadris
3073 754 3265 841 quod
3309 752 3414 819 eis
3457 752 3828 825 videbatur
3868 755 4086 822 licere
4148 756 4438 842 impune
4487 752 4679 841 quic-

959 856 1130 944 quid
1174 857 1341 923 mali
1386 858 1625 926 facere
1670 857 2019 937 volebant,
2067 881 2225 925 nam
2270 858 2524 925 multos
2570 860 3179 939 obtruncaverunt,
3225 861 3479 927 multos
3524 880 3802 949 quoque
3845 875 4357 948 percusserunt.

1126 964 1259 1031 Die
1304 963 1645 1051 vigesimo
1688 977 1941 1052 quarto
2008 964 2314 1033 octobris
2379 966 2685 1052 predicti
2728 966 3339 1033 reverendissimus
3399 968 3720 1037 dominus
3764 966 4112 1035 Ascanius
4179 967 4490 1046 Stercia,
4559 967 4682 1054 qui

946 1081 1098 1137 erat
1140 1069 1410 1162 Perusij
1459 1071 1820 1161 relegatus,
1866 1072 2166 1141 effectus
2209 1072 2583 1159 episcopus
2610 1073 2850 1159 Papie,
2884 1087 3243 1140 revertens
3272 1074 3775 1153 Mediolanum,
3806 1074 4157 1163 ingressus
4187 1086 4292 1142 est
4321 1073 4680 1150 Parmam,

951 1176 1312 1243 comitatus
1352 1176 1566 1256 clero,
1614 1176 1886 1245 duobus
1945 1178 2317 1264 episcopis,
2378 1179 2713 1264 episcopo
2759 1177 3125 1247 Parmensi
3170 1191 3241 1246 et
3285 1178 3442 1266 alijs
3483 1179 3912 1259 officialibus,
3971 1202 4061 1247 ac
4121 1181 4354 1246 multis
4399 1177 4684 1246 civibus
4799 1176 4850 1239 5

944 1281 1217 1349 Parme.
1306 1282 1398 1349 Hi
1446 1296 1678 1352 autem
1722 1283 1995 1354 banniti
2040 1285 2326 1364 reversi,
2370 1285 2594 1370 captis
2636 1285 2863 1363 armis,
2909 1285 3137 1371 ipsum
3181 1288 3391 1352 etiam
3435 1288 3972 1366 associaverunt,
4019 1285 4338 1372 dispositi
4379 1285 4528 1372 ipsi
4577 1304 4686 1349 as·

949 1407 1292 1455 summere
1319 1388 1619 1468 mullam,
1652 1411 1859 1477 quam
1889 1390 2209 1456 similiter
2240 1390 2691 1476 provisionati
2721 1389 2817 1459 ibi
2850 1392 3222 1459 existentes
3252 1392 3578 1477 accipere
3625 1391 4133 1460 deliberabant.
4217 1392 4403 1459 Cum
4435 1401 4677 1457 nutem

946 1494 1097 1580 ipse
1142 1495 1468 1562 dominus
1510 1494 1852 1564 Ascanius
1895 1496 2341 1584 applicuisset
2399 1498 2475 1562 in
2518 1497 2805 1583 pallatio
2868 1497 3272 1584 episcopali,
3319 1498 3569 1567 videns
3613 1511 3717 1565 tot
3757 1510 4007 1588 gentes
4047 1511 4369 1577 armatas,
4417 1496 4677 1573 timuit,

948 1600 1322 1689 claudique
1369 1603 1541 1671 fecit
1583 1615 1821 1690 portas
1864 1603 2155 1693 pallatij.
2247 1602 2341 1669 Hi
2390 1615 2616 1669 autem
2661 1602 2928 1671 banniti
2973 1604 3336 1691 cupientes
3380 1603 3657 1684 mulam,
3701 1625 3862 1672 com
3905 1607 4115 1672 armis
4159 1604 4682 1671 insultaverunt

952 1707 1180 1775 dictos
1223 1709 1753 1795 provisionatos,
1799 1731 1887 1777 ex
1928 1708 2180 1797 quibus
2224 1730 2474 1777 novem
2516 1710 3075 1787 vulneraverunt.
3169 1710 3682 1785 insultaverunt
3711 1723 3919 1798 atque
3949 1711 4222 1798 aliquos
4246 1711 4555 1800 juvenes
4585 1709 4677 1774 de
4740 1709 4840 1773 10

944 1815 1244 1901 squadra
1288 1814 1561 1896 Rubea,
1620 1816 1741 1904 qui
1798 1816 2240 1885 sociaverant
2299 1828 2687 1903 pretactum
2747 1816 3102 1891 dominum
3164 1816 3544 1883 Ascanium
3606 1829 3677 1883 et
3735 1819 4067 1885 atrociter
4126 1818 4678 1887 vulneraverunt

943 1920 1301 1988 Andream
1332 1922 1423 1989 de
1453 1923 1816 2011 Bayardis.
1884 1922 2240 2011 Tottaque
2270 1922 2521 1990 civitas
2551 1924 2686 1990 fuit
2713 1923 2784 1988 in
2815 1935 3029 2003 motu,
3058 1924 3181 1992 ubi
3210 1946 3340 2010 per
3367 1926 3498 1990 hos
3527 1923 3865 2009 capistros
3891 1925 4325 1995 clamabatur
4369 1923 4677 1999 “Ca-rue,

944 2047 1188 2095 carne:
1217 2077 1248 2109 „
1302 2040 1614 2117 tottaque
1658 2051 1745 2096 ea
1804 2041 2010 2097 nocte
2052 2030 2305 2097 civitas
2366 2029 2559 2095 stetit
2602 2028 2678 2095 in
2723 2030 2952 2097 armis.
3043 2031 3258 2099 Mane
3305 2031 3495 2097 facto
3539 2031 3896 2115 prefactus
3957 2032 4278 2103 dominus
4316 2029 4677 2105 Ascanius

946 2136 1223 2203 vocavit
1266 2137 1362 2203 ad
1407 2158 1480 2203 se
1524 2136 1773 2205 multos
1818 2137 1908 2203 de
1953 2135 2175 2203 tribus
2218 2136 2558 2224 squadris,
2606 2156 2780 2225 quos
2825 2137 2917 2205 ob
2963 2138 3342 2204 novitatem
3387 2136 3777 2224 predictam
3828 2139 4206 2228 redarguit,
4260 2137 4678 2223 monuitque

940 2241 1033 2308 ad
1078 2240 1256 2308 bene
1299 2242 1693 2310 vivendum.
1786 2242 2088 2311 Vocavit
2133 2262 2411 2330 quoque
2461 2242 2830 2315 nonnullos
2875 2265 2965 2310 ex
2993 2243 3231 2330 primis
3273 2244 3368 2309 de
3394 2244 3702 2332 squadra
3731 2244 4005 2324 Rubea,
4037 2245 4288 2333 quibus
4315 2243 4675 2331 pollicitus
4733 2240 4820 2305 15

940 2359 1051 2414 est
1095 2349 1322 2415 taliter
1364 2350 1632 2418 referre
1663 2349 2073 2429 Mediolani,
2104 2350 2298 2438 quod
2326 2350 2437 2415 his
2466 2348 2855 2438 insolentiis
2883 2350 3394 2436 provideretur.
3486 2352 3810 2439 Dumque
3852 2373 3927 2419 se
3973 2361 4379 2438 prepararet
4420 2370 4675 2416 ascen-

938 2477 1140 2521 surus
1182 2476 1457 2544 equum,
1502 2471 1579 2525 ut
1620 2458 1756 2530 iter
1798 2476 1996 2523 suum
2044 2459 2316 2529 faceret
2358 2457 2859 2542 Mediolanum,
2905 2457 3078 2525 dicti
3125 2457 3410 2545 capistri
3441 2471 3512 2526 et
3543 2458 3814 2525 banniti
3855 2458 3931 2527 in
3975 2458 4275 2533 maximo
4319 2452 4673 2533 numer0‚'

944 2563 1187 2629 armati
1235 2564 1591 2643 corazinis,
1638 2564 1851 2651 spetis
1897 2576 1967 2630 et
2011 2551 2395 2644 celladinis‘,
2441 2564 2740 2630 seriatim
2790 2584 2865 2629 se
2911 2578 3384 2651 apposuerunt
3426 2585 3633 2651 super
3677 2564 3975 2651 plateale
4021 2564 4193 2632 dicti
4221 2563 4513 2653 pallatij,
4544 2583 4674 2628 ex-

939 2682 1300 2756 pectantes
1330 2671 1550 2757 ipsum
1578 2672 1940 2738 dominum
1983 2668 2385 2751 Ascanium,
2416 2690 2626 2759 quem
2657 2672 2979 2738 comitari
3027 2671 3377 2739 volebant.
3469 2670 3619 2748 Qui
3665 2692 3823 2737 cum
3867 2674 4007 2739 hoc
4038 2671 4514 2758 persensisset,
4549 2690 4677 2735 eos

945 2797 1184 2844 omnes
1245 2778 1680 2859 excomiavit,
1747 2780 2046 2845 necdum
2114 2798 2255 2858 eos,
2323 2800 2564 2845 verum
2624 2780 2835 2845 etiam
2897 2779 3126 2847 nullos
3183 2779 3376 2847 cives
3435 2779 3654 2846 voluit
3711 2778 3976 2846 habere
4021 2779 4095 2843 in
4139 2800 4264 2845 sua
4307 2777 4672 2854 comitiva,
4723 2778 4818 2840 20

946 2885 1346 2972 eisdemque
1408 2887 1705 2952 minatus
1764 2897 1869 2952 est
1921 2885 2013 2952 ob
2073 2886 2242 2963 hec;
2306 2885 2546 2973 sicque
2593 2884 2881 2952 recessit
2940 2896 3014 2952 et
3070 2907 3208 2951 una
3253 2905 3408 2953 com
3457 2905 3544 2952 eo
3592 2885 3916 2952 dominus
3973 2884 4325 2951 Antonius
4368 2884 4676 2950 Trottus

937 2991 1364 3080 gubernator
1406 2991 1678 3058 Parme.
1770 2991 1884 3060 Ob
1928 2994 2126 3059 cuius
2171 2993 2656 3081 gubernatoris
2700 3013 3050 3060 recessum
3091 3005 3166 3060 et
3211 2992 3304 3059 ob
3348 2992 3574 3059 minas
3618 2993 3967 3060 dictorum
4010 2992 4450 3059 bannitorum
4500 3010 4675 3076 pro-

937 3099 1277 3178 visionati,
1324 3099 1445 3187 qui
1489 3111 1686 3165 erant
1728 3120 2016 3168 numero
2061 3112 2341 3169 centum
2387 3112 2459 3168 et
2518 3120 2759 3166 eorum
2790 3099 3194 3185 capitaneus
3235 3099 3645 3166 Marchinus
3687 3099 3779 3165 de
3810 3098 4087 3178 Abiate,
4119 3120 4194 3169 se
4223 3098 4672 3165 reduxerunt

934 3204 1012 3270 in
1074 3206 1380 3272 citadela
1440 3217 1511 3273 et
1572 3206 1766 3273 cives
1825 3207 2022 3294 quasi
2082 3228 2321 3274 omnes
2392 3205 2629 3273 Rubei
2697 3207 3063 3273 exiverunt
3131 3206 3511 3286 civitatem,
3596 3228 3734 3294 que
3803 3205 4130 3273 remansit
4195 3205 4271 3270 in
4334 3203 4672 3271 manibus

939 3314 1186 3378 horum
1234 3312 1688 3380 bannitorum.
1780 3312 2038 3401 Sicque
2085 3314 2332 3381 civitas
2388 3314 2656 3400 repleta
2698 3326 2801 3380 est
2867 3313 3388 3403 homicidia-ijs,
3456 3313 3775 3400 capistris
3841 3326 3913 3382 et
3980 3312 4273 3380 advenis
4340 3311 4668 3389 ribaldis,
4716 3310 4802 3374 25

937 3417 1470 3499 discurentibus,
1512 3420 1633 3489 die
1680 3440 1764 3487 ac
1814 3431 2020 3487 nocte
2068 3419 2417 3486 civitatem
2465 3439 2621 3487 com
2668 3419 2880 3486 armis
2925 3430 2994 3486 et
3040 3419 3556 3486 cominantibus
3599 3419 3891 3486 Rubeos
3936 3438 4408 3486 sacomanare.
4501 3417 4672 3504 Ipsa

932 3526 1192 3594 civitas
1235 3522 1472 3614 probis
1515 3526 1682 3594 viris
1731 3547 1953 3594 vacua
1996 3526 2349 3606 remansit,
2397 3525 2524 3594 sed
2584 3527 2794 3614 plena
2838 3525 2948 3593 his
2991 3526 3314 3614 pessimis
3373 3526 3702 3606 discollis,
3765 3526 3857 3593 ad
3916 3549 4124 3615 quam
4168 3523 4428 3594 infiniti
4488 3545 4669 3593 con-

932 3633 1294 3714 cur-ebant,
1339 3635 1707 3702 credentes
1749 3635 1989 3701 facere
2032 3655 2478 3702 sacomanum
2524 3635 2956 3704 Rubeorum.

1114 3742 1426 3810 Fuerunt
1466 3741 1654 3808 enim
1701 3762 1911 3808 causa
1954 3741 2340 3810 novitatum
2387 3743 2855 3829 predictarum
2905 3754 2976 3809 et
3021 3743 3388 3809 amotionis
3435 3742 3702 3810 domini
3747 3741 3979 3821 Cichi,
4026 3761 4257 3809 comes
4299 3741 4669 3828 johannes

935 3845 1366 3916 Bonromeus
1408 3861 1481 3915 et
1525 3849 1771 3916 Petrus
1815 3851 1908 3917 de
1954 3848 2270 3916 Pusterla
2316 3846 2889 3916 Mediolanenses
2934 3849 3136 3916 ambo
3169 3849 3478 3937 gibellini
3509 3860 3579 3916 et
3609 3848 4044 3916 inimicantes
4089 3848 4371 3915 domino
4402 3847 4664 3925 Cicho‚
4711 3848 4798 3911 30

934 3956 1029 4022 ad
1073 3956 1263 4043 quod
1309 3956 1522 4028 etiam
1568 3977 1643 4021 se
1688 3955 2090 4023 intromissit
2134 3955 2420 4022 domina
2464 3955 2751 4022 Beatrix
2795 3976 2996 4023 soror
3038 3956 3235 4023 ducis
3295 3957 3617 4023 Herculis
3687 3968 3757 4024 et
3824 3976 3997 4046 uxor
4040 3956 4338 4022 condam
4385 3953 4664 4020 domini

933 4063 1242 4130 Tristani
1287 4062 1585 4143 Sforcie,
1630 4063 2059 4149 persuadens
2100 4063 2382 4129 domine
2428 4061 2708 4128 ducisse
2754 4063 3209 4130 remotionem
3253 4063 3527 4131 domini
3571 4063 3796 4143 Cichi,
3845 4082 3929 4129 ac
3979 4060 4536 4149 acceptationem
4585 4062 4662 4125 in

930 4171 1222 4259 gratiam
1270 4169 1704 4238 dominorum
1748 4169 2097 4237 Ludovici
2143 4181 2214 4237 et
2260 4168 2579 4236 Ruberti.

1113 4277 1432 4345 Decessit
1491 4277 1568 4342 in
1629 4278 1838 4344 furno
1896 4275 2261 4343 Modoetie
2321 4274 2636 4344 Donatus
2682 4277 2799 4344 del
2845 4277 3141 4357 Comite,
3189 4279 3279 4345 de
3333 4278 3526 4346 cuius
3584 4290 3805 4374 morte
3861 4277 4187 4345 dominus
4243 4276 4663 4344 Ludovicus

931 4385 1136 4451 valde
1167 4384 1406 4452 doluit.
1496 4384 1902 4471 Capsusque
1933 4384 2071 4454 fuit
2101 4406 2144 4450 a
2173 4384 2665 4451 castellanaria
2697 4383 3053 4452 Modoetie
3086 4385 3368 4473 quidam
3400 4387 3620 4453 frater
3648 4386 3917 4453 domini
3963 4383 4192 4468 Cichi,
4235 4384 4446 4451 salvis
4488 4403 4660 4471 per-
4707 4386 4790 4449 35

933 4491 1123 4557 sonis
1166 4502 1236 4558 et
1280 4490 1487 4558 rebus
1522 4491 1692 4558 suis.

1111 4596 1504 4666 Restitutus
1547 4597 1681 4665 fuit
1724 4597 2143 4665 Franciscus
2185 4598 2511 4665 Torellus
2554 4620 2776 4687 gener
2820 4598 3084 4665 domini
3128 4597 3428 4666 Roberti
3470 4600 3544 4664 in
3606 4599 3940 4667 fortilicio
3989 4598 4343 4678 Guastale,
4387 4619 4430 4663 a
4475 4595 4652 4684 quo'

934 4716 1236 4774 remotus
1282 4704 1530 4770 fuerat.
1616 4704 1878 4771 Comes
1907 4703 2353 4790 Amphitrion
2386 4705 2595 4771 etiam
2642 4704 2992 4771 restitutus
3035 4706 3171 4771 fuit
3215 4706 3288 4771 in
3333 4719 3565 4780 castro
3612 4726 3736 4772 suo
3782 4705 4047 4772 Tizani.
4137 4705 4396 4773 Comes
4440 4704 4654 4792 Jaco-

931 4811 1059 4878 bus
1104 4812 1388 4879 Scottus
1432 4810 1565 4876 fuit
1608 4812 1959 4878 restitutus
2005 4810 2078 4875 in
2125 4823 2351 4878 castro
2399 4811 2724 4899 Vogleni,
2787 4811 3037 4900 quibus
3097 4813 3352 4900 privati
3398 4815 3679 4879 fuerant
3725 4811 3816 4878 ob
3879 4832 4120 4879 eorum
4185 4811 4516 4879 demerita
4579 4823 4656 4877 et

926 4919 998 4983 in
1045 4929 1189 4985 toto
1234 4918 1540 4985 dominio
1587 4918 1823 4985 ducali
1867 4919 2055 4984 facte
2102 4929 2260 4985 sunt
2306 4919 2563 4990 similes
2607 4920 2741 4985 alie
2789 4919 3130 4987 novitates
3178 4920 3667 4987 diversimode.
4703 4922 4784 4985 40

1108 5026 1367 5092 Mirum
1414 5024 1547 5090 fuit
1593 5036 1664 5092 et
1707 5023 2150 5103 incredibile,
2214 5035 2603 5110 pretactum
2667 5024 3026 5093 dominum
3088 5026 3478 5093 Robertum
3539 5025 3846 5111 potuisse
3909 5026 4249 5115 effugere,
4309 5025 4478 5114 quin
4521 5044 4651 5091 ca-

926 5143 1230 5219 peretur,
1275 5132 1386 5199 vel
1432 5131 1941 5220 profligaretur,
1984 5131 2309 5219 quodque
2355 5132 2428 5197 in
2474 5132 2764 5220 gratiam
2809 5145 3023 5200 status
3065 5131 3452 5201 Mediolani
3497 5144 3980 5212 reverteretur,
4029 5153 4186 5199 cum
4243 5153 4385 5199 non
4431 5131 4655 5199 habe-

928 5250 1038 5306 ret
1082 5239 1438 5325 pecunias,
1482 5259 1781 5326 cumque
1829 5259 2088 5324 paucas
2131 5251 2202 5305 et
2248 5258 2462 5305 novas
2506 5251 2750 5327 gentes
2795 5239 3107 5320 haberet,
3142 5261 3440 5329 cumque
3467 5240 3765 5327 Januam
3796 5240 4079 5307 fecisset
4109 5239 4432 5326 deperdi.
4501 5238 4652 5306 Sed

926 5347 1160 5431 potius
1201 5358 1371 5412 nutu
1414 5346 1550 5412 Dei
1592 5346 1730 5412 hoc
1778 5345 2137 5432 processit,
2185 5367 2342 5411 nam
2389 5345 2537 5432 ipse
2583 5366 2721 5412 non
2768 5344 3072 5414 habebat
3113 5346 3187 5411 in
3229 5367 3355 5413 suo
3402 5346 3713 5414 exercitu
3772 5347 3957 5416 ultra
4017 5348 4262 5413 decem
4308 5346 4652 5434 squadras

925 5474 1260 5541 equorum
1304 5464 1373 5519 et
1417 5452 1794 5541 aliquando
1839 5462 2085 5541 gentes
2130 5453 2268 5541 lige
2313 5452 2387 5517 in
2430 5454 2757 5539 oppositu
2803 5473 2928 5519 suo
2975 5453 3048 5517 in
3077 5452 3450 5536 Lunesana
3480 5455 3762 5521 fuerunt
3789 5453 4095 5541 squadre
4125 5453 4216 5520 xl.
4310 5453 4459 5521 Sed
4501 5452 4647 5519 dux
4699 5455 4776 5518 45

922 5560 1261 5627 Hercules
1306 5571 1378 5627 et
1420 5560 1728 5627 marchio
1774 5558 2062 5625 Mantue
2108 5579 2457 5647 nonquam
2503 5559 2874 5627 voluerunt
2919 5561 3141 5646 ipsum
3175 5559 3531 5634 dominum
3563 5560 3949 5630 Robertum
3996 5559 4388 5648 profligare,
4434 5571 4647 5645 prout

924 5676 1270 5754 poterant,
1318 5686 1408 5732 ne
1452 5687 1593 5752 pax
1638 5678 2042 5753 sequeretur
2088 5678 2158 5732 et
2201 5686 2290 5731 ne
2334 5686 2573 5732 eorum
2603 5665 2951 5753 stipendia
2981 5679 3120 5734 tam
3167 5666 3305 5733 cito
3350 5678 3735 5745 cessarent3
3783 5679 4073 5753 eratque
4117 5668 4192 5733 in
4235 5667 4644 5733 Mediolano

924 5773 1221 5840 maxima
1263 5794 1425 5860 pars
1457 5773 1733 5854 civium,
1765 5773 1896 5840 sibi
1930 5785 2000 5840 et
2032 5773 2314 5839 domino
2343 5772 2708 5839 Ludovico
2740 5773 3185 5841 emicantium
3219 5786 3287 5840 et
3318 5773 3720 5853 faventium,
3767 5794 4061 5860 quorum
4081 5793 4213 5860 spe
4249 5773 4456 5841 ducti
4501 5773 4639 5860 ipsi

924 5869 1242 5948 dominus
1271 5879 1627 5950 Robertus
1654 5892 1727 5948 et
1756 5880 2159 5952 Ludovicus
2190 5901 2464 5967 semper
2496 5879 2765 5948 alacres
2796 5892 2868 5948 et
2895 5879 3231 5966 intrepidi
3261 5892 3675 5946 manserunt.

1098 5987 1177 6054 In
1223 5986 1568 6076 principio
1614 5987 2011 6055 novembris
2068 5989 2233 6054 anni
2293 5986 2601 6075 predicti
2663 5987 2988 6055 remissus
3047 5986 3184 6054 fuit
3243 5986 3561 6053 Parmam
3623 5986 3849 6058 dictus
3910 5988 4230 6056 dominus
4287 5986 4645 6056 Antonius
4695 5991 4770 6056 50
