4895 7066
268 442 355 515 [a
393 443 544 496 1481
590 436 1136 505 remmio-mmo]
1403 409 1518 498 IN
1572 424 2089 498 PARTIBUS
2144 423 2778 498 LOMBARDIE
3841 429 3938 511 97

772 573 1243 583 mamm-mmmm
1248 573 1289 581 -ο-
1294 574 1385 582 ——une
1394 575 1465 582 m·
1492 575 1613 582 ...um-
1956 575 2023 580 --04—
2027 575 2069 582 s·-
2074 575 2210 582 auo-vm·-
2798 577 2908 584 -·-··r-·--
2939 578 2979 584 Η..
2995 578 3144 586 nnn-...00
3167 579 3210 586 n...
3223 580 3234 585 ⁴
3251 580 3268 584 ..
3285 580 3292 584 -
3309 580 3330 586 --
3343 581 3350 586 .
3387 581 3396 586 -
3411 581 3418 587 0.
3447 580 3512 586 „aa->0
3528 581 3604 587 .->...·
3623 579 3758 587 ‚nm-...⁴0.
3775 581 3828 588 ---·

267 581 409 600 ·-“-“““,
510 595 517 599 ,
680 594 685 598 .
752 591 795 597 -.ψ
822 588 1123 596 -m-—o———o—
1152 589 1187 595 ..-
1210 589 1251 596 *-
1316 589 1349 595 --ι
1434 591 1443 596 -
1468 575 1790 597 θ-ᾳ-ῘῘᾏΞῌΝ.
1792 590 1857 595 —-.-
1874 589 1893 594 -.
1910 575 2085 596 ”on—e...-
2112 575 2255 596 .---“Ῑ
2282 575 2385 596 .-⁴-...
2408 591 2423 594 -
2455 589 2522 596 ----
2543 590 2576 596 --
2645 590 2714 596 μ’,
2731 591 2946 598 .-ψ-...ι-
2951 590 3034 598 00—-

3287 592 3424 601 .-.-.-.
3441 593 3806 602 ..μ-.-.,-.--
3825 580 3943 605 ..·—‘.·;.·;

266 694 447 770 dicta,
478 689 806 757 videlicet
847 687 1146 766 navium,
1194 687 1336 754 sive
1382 687 1759 776 gallearum
1802 685 1964 775 xiiij.
2017 699 2085 754 et
2133 688 2222 755 de
2273 701 2557 774 captura
2601 688 2834 768 Basse,
2882 689 3023 756 sive
3072 691 3436 781 capitaney
3481 691 3651 759 dicti
3681 693 3947 761 Turchi

264 796 529 867 volentis
560 819 655 863 ex
681 795 975 862 Vellona
1010 814 1165 861 com
1200 794 1426 860 multis
1456 794 1756 860 Turchis
1801 794 2087 859 transire
2136 794 2206 859 in
2251 792 2614 880 Apuleam.
2707 795 2798 861 Et
2843 794 2933 861 ob
2964 796 3102 862 hoc
3134 797 3449 864 ordinate
3481 811 3637 866 sunt
3668 798 3738 864 in
3772 811 3944 867 totto

258 905 536 974 dominio
572 902 827 970 ducalli
851 902 1166 969 triduane
1190 900 1669 988 processiones
1701 921 1854 968 com
1887 900 2196 992 fallodijs
2227 913 2297 966 et
2327 900 2656 968 sonitibus
2681 922 3166 989 campanarum
3193 923 3321 991 pro
3348 904 3696 973 laudme
3719 907 3942 974 Deum
4013 957 4020 976 .

261 1028 318 1079 et
342 1012 408 1077 in
436 1012 706 1098 signum
751 1009 988 1076 letitie.

194 1121 221 1185 5
411 1116 956 1195 Quintodecimo
1018 1114 1344 1204 februar-ij
1412 1114 1720 1181 transivit
1778 1135 1906 1201 per
1967 1113 2287 1181 Parmam
2348 1115 2751 1202 magnificus
2815 1115 3130 1183 dominus
3190 1116 3545 1204 Johannes
3597 1118 3940 1189 Antonius

258 1227 437 1294 Cotta
477 1224 1025 1291 Mediolanensis
1087 1235 1157 1289 et
1216 1222 1305 1288 de
1365 1221 1700 1311 regimine
1764 1233 1995 1300 status,
2058 1220 2550 1308 Placentieque
2616 1221 3136 1300 commissarius,
3198 1243 3401 1310 quem
3461 1224 3943 1295 illustrissimus

256 1331 545 1398 dominus
592 1343 826 1396 noster
871 1330 1074 1396 mittit
1119 1328 1489 1416 Neapolim
1537 1348 1691 1395 com
1738 1328 2033 1416 trigenta
2078 1326 2373 1393 millibus
2419 1327 2643 1394 aureis
2686 1347 2814 1414 pro
2862 1327 3163 1395 subsidio
3216 1329 3527 1417 impenso
3573 1333 3721 1421 regi
3768 1335 3937 1401 Fer-

255 1438 534 1504 dinando
586 1449 830 1504 contra
873 1437 1256 1502 Theucros.

402 1546 692 1611 Decimo
739 1557 987 1610 octavo
1034 1542 1361 1634 februariJ'
1410 1542 1765 1630 publicata
1808 1542 1939 1608 fuit
1986 1542 2057 1607 in
2105 1541 2403 1608 ecclesia
2445 1541 2690 1607 maiori
2717 1563 2845 1628 per
2876 1544 3224 1630 quendam
3271 1544 3557 1611 fratrem
3589 1546 3934 1614 Minorem

163 1658 218 1720 10
253 1652 684 1720 observantie
730 1650 918 1717 bulla
961 1650 1375 1716 remissionis
1417 1649 1726 1736 plenarie
1772 1661 2220 1736 peccatorum
2265 1669 2309 1714 a
2353 1668 2619 1714 summo
2664 1647 2997 1735 pontifice
3033 1669 3362 1716 concessa
3393 1649 3937 1746 quibuscomque

251 1757 742 1847 ellargientibus
785 1758 858 1822 in
902 1756 1275 1823 subsidium
1319 1755 1484 1822 fidei
1515 1768 1747 1822 nostre
1783 1767 2026 1821 contra
2072 1754 2392 1821 Turchos
2425 1767 2686 1821 tantum
2719 1768 3043 1842 quantum
3074 1777 3248 1822 unus
3277 1756 3348 1821 in
3378 1779 3517 1824 una
3548 1758 3939 1828 ebdomada

251 1864 634 1931 consummit
679 1864 752 1930 in
794 1864 1001 1941 victu,
1050 1883 1206 1929 com
1250 1875 1589 1949 potestate
1639 1861 2110 1927 confessorem
2158 1859 2288 1927 sibi
2336 1861 2667 1949 elligendi
2707 1861 2926 1927 semel
2955 1861 3026 1926 in
3057 1862 3196 1928 vita
3228 1875 3298 1929 et
3326 1864 3542 1929 semel
3575 1865 3644 1931 in
3674 1880 3933 1934 morte:

250 1973 388 2040 item
432 1970 984 2038 commutationis
1026 1981 1375 2036 votorum:
1426 1969 1591 2035 item
1639 1967 2154 2054 compositionis
2198 1967 2616 2033 incertorum
2665 1967 3045 2033 ablatorum
3095 1980 3164 2035 et
3209 1969 3556 2035 fructuum
3603 1972 3933 2040 ecclesia-

248 2101 373 2145 rum
435 2079 618 2143 male
686 2088 1196 2164 perceptorum,
1268 2074 1978 2142 excomunicationum
2042 2086 2111 2140 et
2171 2094 2757 2162 quorumcomque
2830 2096 3107 2141 casuum
3178 2088 3699 2146 reservatorum.
3791 2080 3921 2149 Cui

161 2183 214 2250 15
248 2183 667 2272 publicationi
715 2196 895 2249 totus
922 2182 1216 2269 populus
1261 2181 1626 2248 intervenit
1658 2194 1728 2247 et
1756 2180 1828 2245 in
1862 2180 2047 2247 dicta
2080 2180 2377 2246 ecclesia
2407 2193 2510 2246 est
2542 2180 2868 2266 deputata
2901 2200 3108 2266 capsa
3138 2182 3572 2268 repositionis
3601 2187 3932 2272 pecunia-

246 2314 392 2371 rum,
437 2289 528 2358 ob
574 2289 769 2378 quod
816 2309 1053 2355 omnes
1097 2288 1231 2355 alie
1279 2286 1625 2376 quibusvis
1671 2286 1984 2374 ecclesijs
2029 2305 2362 2355 concesse
2416 2286 2844 2375 indulgentie
2891 2307 3216 2374 suspense
3263 2301 3438 2369 sunt,
3485 2290 3676 2358 salvo
3722 2313 3929 2426 quam

249 2398 650 2486 indulgentia
694 2396 1200 2463 Rodianorum.

394 2504 522 2569 Die
570 2504 850 2570 decimo
897 2523 1081 2586 nono
1126 2501 1456 2591 februarij
1510 2501 1831 2589 quoniam
1864 2513 2103 2587 captus
2148 2512 2219 2567 et
2265 2499 2564 2568 curlatus
2595 2500 2823 2567 fuerat
2858 2500 3135 2588 quidam
3165 2501 3568 2570 Dominicus
3599 2527 3685 2571 ex
3714 2506 3930 2574 tribus

247 2611 547 2698 squadris‚
594 2611 967 2696 imputatus
1012 2609 1100 2675 de
1147 2609 1334 2675 furto
1379 2609 1615 2695 paullo
1646 2620 1807 2674 ante
1842 2608 2203 2674 commisso
2247 2607 2321 2674 in
2366 2607 2728 2694 spoliando
2774 2607 3000 2674 noctis
3047 2618 3357 2695 tempore
3402 2631 3530 2696 per
3575 2624 3925 2698 rupturam

154 2720 212 2782 20
247 2729 503 2803 apotece
551 2716 1019 2804 appotecham
1063 2714 1417 2782 Francisci
1466 2727 1536 2780 et
1577 2714 1911 2782 Daniellis
1957 2715 2043 2780 de
2089 2714 2518 2804 Bregonzijs,
2554 2734 2757 2801 quam
2803 2714 3030 2780 multis
3077 2727 3146 2779 et
3188 2716 3420 2804 magni
3465 2717 3680 2806 precij
3727 2721 3925 2807 panis

249 2824 454 2904 laneis,
500 2821 589 2889 ob
638 2823 832 2943 quod
875 2821 1066 2887 multi
1114 2822 1258 2887 eius
1290 2805 1610 2912 'consocij
1659 2822 2104 2910 aufugerant,
2155 2832 2225 2886 et
2286 2833 2361 2886 ut
2421 2820 2602 2885 male
2652 2820 3012 2906 compositi
3076 2831 3145 2885 et
3191 2821 3563 2889 facinorosi
3609 2845 3750 2891 non
3793 2848 3922 2914 pu-

249 2929 539 3008 nirentur,
586 2928 720 2995 sed
764 2929 1077 3014 impunes
1106 2926 1608 3014 delinquerent,
1644 2939 1919 2994 centum
1948 2929 2236 3017 juvenes
2268 2926 2643 2993 facinorosi
2673 2926 2943 2992 insimul
2973 2928 3328 2995 unanimes
3360 2930 3924 3017 conspiraverunt

248 3037 653 3122 jureiurando
703 3035 1340 3101 confederationem
1387 3035 1756 3114 firmantes,
1801 3056 1875 3100 se
1923 3056 1999 3102 se
2048 3035 2251 3100 armis
2298 3047 2367 3100 et
2413 3034 2598 3099 omni
2629 3033 2741 3099 via
2769 3033 3073 3124 juvandi,
3120 3034 3176 3100 si
3224 3034 3429 3102 alicui
3459 3057 3695 3104 eorum
3728 3040 3921 3127 quic-

254 3164 425 3229 quam
469 3142 770 3209 mollesti
814 3143 1012 3208 fieret
1057 3154 1126 3208 et
1172 3139 1711 3207 exbursaverunt
1752 3162 1963 3206 unum
2010 3162 2289 3206 aureum
2350 3161 2482 3227 pro
2527 3139 2796 3228 singulo
2860 3160 3117 3219 eorum,
3180 3162 3384 3229 super
3443 3143 3580 3210 hoc
3623 3144 3802 3212 intra
3845 3168 3920 3213 se

160 3247 218 3311 25
255 3249 542 3315 ordinatis
584 3267 732 3314 uno
778 3249 1064 3315 ductore
1113 3258 1182 3314 et
1228 3247 1560 3334 caporalli
1607 3259 1676 3313 et
1721 3258 2011 3334 quatuor
2072 3246 2508 3338 squadrerijs.
2600 3244 2712 3313 Ob
2758 3247 2949 3333 quod
2992 3245 3300 3314 Michael
3347 3247 3710 3317 Sarasinus
3754 3251 3921 3320 alias

253 3355 558 3422 homicida
605 3367 855 3442 captus
900 3355 1049 3433 fuit,
1096 3353 1212 3441 qui
1259 3354 1487 3420 omnia
1531 3353 2013 3420 manifestavit.

396 3461 746 3552 Vigesimo
778 3458 1102 3550 februarij
1153 3461 1536 3526 ordinatum
1585 3460 1716 3526 fuit
1763 3461 2131 3527 convocari
2180 3460 2537 3527 consilium
2583 3459 2908 3551 generale
2955 3460 3201 3528 Parme
3250 3482 3405 3530 com
3452 3466 3536 3529 24
3585 3464 3923 3532 adiunctis

250 3589 355 3652 pro
392 3570 590 3636 modo
636 3568 1061 3634 inveniendo
1108 3566 1477 3634 subsidium
1525 3567 1735 3634 dandi
1780 3567 1983 3633 statui
2040 3566 2444 3646 Mediolani,
2493 3588 2621 3654 pro
2684 3568 2991 3634 favendo
3051 3569 3198 3657 regi
3262 3569 3704 3638 Ferdinando
3752 3592 3921 3639 con-

251 3686 336 3738 tra
372 3674 680 3741 Teucros
724 3674 814 3740 de
864 3674 1128 3740 ducatis
1173 3694 1295 3740 sex
1337 3672 1524 3739 mille
1575 3674 1736 3739 huic
1794 3674 2189 3740 comunitati
2252 3673 2627 3761 requisitis3
2692 3686 2763 3740 et
2826 3673 2916 3740 ob
2975 3687 3227 3741 metum
3289 3676 3598 3743 scandali
3657 3678 3918 3765 populi,

160 3779 220 3842 30
252 3781 502 3847 maxime
546 3780 1170 3868 suprascriptorum
1219 3779 1713 3868 colligatorum,
1763 3801 1919 3848 cum
1961 3779 2101 3867 jam
2148 3792 2423 3846 sonaret
2455 3780 2834 3861 consilium,
2864 3781 3145 3848 ulterius
3175 3802 3312 3848 non
3348 3794 3450 3849 est
3477 3782 3921 3871 processum,'

252 3887 351 3951 sed
390 3886 526 3953 sola
569 3886 938 3953 credentia
984 3885 1271 3952 antianis
1318 3898 1421 3951 est
1466 3886 1811 3966 adiuncta,
1856 3886 1929 3952 in
1975 3908 2112 3974 qua
2157 3898 2518 3952 tractatum
2582 3886 2712 3952 fuit
2772 3908 2902 3973 per
2964 3887 3292 3967 offitiales,
3348 3890 3537 3975 quod
3595 3890 3729 3957 hec
3793 3910 3913 3956 co—

251 3994 498 4059 munitas
526 3993 903 4059 subsidium
935 4003 1317 4079 pretactum
1347 4005 1693 4079 preparet,
1741 3992 1795 4058 si
1842 4003 2086 4059 statum
2134 3991 2451 4058 ducalem
2499 4005 2722 4060 aman·
2790 3993 2998 4060 Unde
3032 3992 3486 4061 deliberatum
3533 3996 3682 4076 fuit,
3715 3995 3919 4084 quod'

252 4096 363 4163 duo
403 4100 748 4166 mittantur
796 4113 1102 4165 oratores
1146 4099 1239 4164 ad
1283 4098 1801 4164 illustrissimum
1859 4098 2207 4165 dominum
2271 4111 2578 4165 nostrum
2640 4110 2780 4164 tum
2840 4119 2969 4187 pro
3034 4100 3470 4167 excusatione
3516 4102 3916 4188 impotentis

254 4206 665 4285 comunitatis,
712 4218 854 4271 tum
899 4224 1028 4292 pro
1076 4204 1540 4271 additionibus
1571 4203 1901 4285 levandis,
1946 4225 2077 4292 pro
2123 4203 2367 4293 quibus
2400 4204 2766 4285 dubitatur,
2812 4227 2902 4271 ne
2947 4206 3241 4293 populus
3283 4207 3588 4296 insurgat
3620 4220 3689 4275 et
3719 4228 3918 4275 scan-

102 4348 103 4351 =
164 4305 220 4370 35
255 4308 445 4376 dalum
474 4313 714 4380 faciat.

395 4418 513 4485 Die
557 4419 649 4491 27
698 4418 935 4507 marciJ‘
978 4419 1138 4486 1481
1177 4418 1431 4506 scripte
1463 4432 1618 4485 sunt
1648 4419 1870 4486 littere
1904 4441 1989 4484 ex
2017 4418 2422 4486 Mediolano
2455 4440 2497 4484 a
2530 4418 2806 4485 domino
2839 4419 3041 4497 duce,
3074 4419 3261 4507 quod
3293 4432 3524 4488 orator
3571 4420 3921 4489 ordinatus

253 4520 332 4587 ire
370 4526 449 4590 ad
501 4527 893 4613 principem
952 4546 1083 4612 pro
1145 4524 1446 4592 subsidio
1505 4526 1722 4612 petito
1785 4538 1854 4592 et
1898 4546 2027 4612 pro
2089 4526 2492 4613 impotentia
2548 4526 2978 4591 comunitatis
3038 4526 3429 4592 excusanda
3489 4546 3632 4594 non
3689 4528 3918 4608 vadat,

257 4629 356 4693 sed
395 4636 570 4718 quod
621 4632 902 4698 omnino
947 4632 1394 4719 provideatur
1451 4632 1783 4720 pecunijs.
1872 4632 2080 4699 Unde
2130 4632 2443 4699 ordinata
2505 4632 2635 4699 fuit
2693 4653 2944 4720 magna
2990 4632 3237 4700 civium
3285 4634 3640 4700 credentia
3686 4655 3920 4700 coram

260 4733 637 4818 officialibus,
682 4739 863 4804 inter
909 4758 1082 4826 quos
1145 4738 1530 4805 ordinatum
1590 4740 1723 4806 fuit
1782 4737 2067 4806 rescribi
2114 4739 2203 4806 de
2252 4739 2651 4825 impotentia
2714 4739 3143 4807 comunitatis
3202 4741 3295 4808 ad
3339 4741 3502 4807 talle
3546 4742 3919 4828 presidium

168 4837 224 4898 40
259 4838 511 4909 dandum
555 4858 635 4911 et
679 4846 1075 4911 conclusum
1121 4845 1253 4912 fuit
1296 4867 1384 4911 ne
1434 4846 1729 4913 daretur.

395 4950 532 5017 Hac
577 4951 833 5018 eadem
882 4952 994 5018 die
1043 4952 1347 5018 adiuncti
1391 4964 1547 5019 sunt
1590 4975 1721 5040 per
1766 4953 2024 5020 litteras
2069 4952 2377 5019 ducalles
2424 4965 2586 5020 octo
2633 4952 2974 5040 deputatis
3018 4975 3223 5041 super
3253 4975 3436 5021 nova
3467 4954 3698 5022 extimi
3728 4977 3923 5021 rura-

264 5051 390 5120 lium
419 5059 830 5146 equallantia
853 5058 1153 5126 sindicus
1177 5072 1246 5125 et
1272 5059 1647 5126 advocatus
1666 5059 1991 5147 phiscalis
2015 5059 2087 5125 in
2109 5061 2377 5127 Parma.
2425 5061 2517 5127 Et
2541 5060 2639 5127 sic
2661 5061 3060 5147 proceditur
3082 5061 3155 5127 in
3175 5081 3357 5127 nova
3379 5062 3915 5130 refformatione.

397 5165 514 5232 Die
557 5168 653 5233 29
688 5166 922 5254 marcij
958 5165 1230 5253 scripsit
1259 5166 1741 5233 illustrissimus
1788 5167 2101 5233 dominus
2144 5179 2375 5233 noster
2423 5166 2807 5233 offitialibus
2849 5169 2921 5233 in
2965 5168 3216 5234 Parma
3261 5181 3333 5234 et
3375 5168 3683 5247 antianis,
3730 5169 3919 5257 quod

263 5267 482 5337 mittant
518 5272 1005 5340 Mediolanum
1049 5284 1344 5360 quatuor
1391 5283 1720 5352 oratores,
1769 5295 1978 5338 unum
2008 5294 2138 5361 pro
2170 5272 2501 5361 quallibet
2533 5275 2850 5361 squadra,
2885 5295 3038 5340 com
3070 5275 3395 5340 mandato
3427 5274 3518 5340 ad
3547 5286 3920 5360 acceptan-

177 5366 232 5431 45
266 5371 391 5439 dum
430 5379 673 5462 partita
718 5379 1176 5464 proponenda
1205 5399 1335 5466 pro
1382 5376 1684 5444 subsidio
1719 5391 1960 5445 contra
1988 5379 2304 5446 Teucros
2347 5402 2476 5467 per
2522 5379 2702 5444 hanc
2751 5381 3236 5447 comunitatem
3264 5380 3643 5467 prestando
3691 5391 3762 5446 et
3804 5379 3919 5446 vel

264 5479 436 5548 saltim
476 5486 849 5564 audituros,
897 5499 1223 5572 quantum
1270 5484 1637 5572 superinde
1684 5486 1814 5552 illis
1858 5486 1929 5551 in
1974 5486 2112 5553 hoc
2174 5486 2463 5553 dicetur.
2555 5487 2767 5554 Unde
2830 5488 3155 5574 scriptum
3205 5500 3274 5554 et
3317 5507 3719 5575 responsum
3763 5487 3916 5567 fuit,

268 5589 414 5669 quod
452 5591 571 5659 hec
628 5591 1010 5659 comunitas
1071 5604 1327 5659 tantam
1375 5603 1476 5658 tot
1520 5603 1864 5659 oratorum
1928 5613 2069 5659 non
2126 5594 2381 5681 patitur
2443 5614 2837 5681 expensam,
2898 5595 3026 5661 sed
3087 5595 3277 5682 quod
3337 5594 3472 5660 hec
3536 5592 3917 5660 comunitas

272 5698 527 5778 expensis
566 5700 901 5766 frustrata
947 5711 1068 5777 est,
1112 5712 1188 5764 ut
1232 5699 1303 5764 in
1347 5698 1579 5786 aliquo
1626 5698 1884 5765 dictum
1932 5699 2300 5767 subsidium
2331 5720 2472 5766 non
2515 5713 2751 5787 posset
2793 5712 3141 5788 prestare3
3189 5700 3316 5767 sed
3360 5700 3547 5789 quod
3576 5699 3676 5765 illi
3709 5700 3919 5778 cives,

416 5981 487 6035 14·
518 5971 652 6040 Cui]
692 5973 794 6038 qui
828 5971 943 6023 cod.

552 6199 1245 6267 T.XX11‚p.111—7.

4064 3920 4105 3952 C·
4134 3918 4214 3952 102
4241 3921 4273 3950 v

4072 4124 4230 4175 Μυκ..
4258 4122 4339 4164 308
