4895 7066
262 459 354 535 uu
385 458 529 516 1480
560 450 1084 528 maggio-gmgno]
1380 442 1493 520 IN
1544 442 2060 519 PARTIBUS
2117 441 2751 518 LOMBARDIE
3820 436 3908 520 71

1710 592 2218 602 -σο-..οο--ιι-οοκοῳκοο-οη---ο--υο
2326 593 2766 602 n-offlffluooae--u-w---u
2839 592 3415 601 ··---·-.·-..--···-···-·.-·00·---.-.0--...n-00·-
3675 590 3915 599 »eumanum-...-

259 709 718 801 primogenitus
778 707 964 797 regis
1023 705 1480 774 Ferdinandi.
1568 705 1691 775 Ad
1749 725 1955 794 quem
2013 706 2376 773 visendum
2435 718 2879 774 accesserunt
2937 706 3365 773 reverendus
3425 706 3743 773 dominus
3802 703 3932 773 Sa-

257 837 569 909 gramorus
610 815 984 902 episcopus
1012 812 1426 892 Parmensis,
1458 812 1786 882 dominus
1813 823 2121 899 potestas
2151 824 2222 880 et
2250 812 2450 880 multi
2484 812 2677 881 cives
2707 834 2796 878 ex
2824 812 3066 899 primis
3095 812 3305 879 trium
3336 812 3811 900 squadrarum.

412 921 561 1000 Qua
604 922 811 989 etiam
860 921 977 987 die
1025 940 1340 988 reversus
1384 931 1488 987 est
1532 919 1854 988 Parmam
1898 940 2027 1007 pro
2071 919 2537 1010 gubernatore
2585 920 2906 987 dominus
2934 917 3282 986 Antonius
3311 919 3600 986 Trottus
3632 920 3720 986 de
3765 917 3933 986 Ale-

256 1029 534 1108 mdria,
580 1029 703 1117 qui
733 1040 1139 1107 recesserat,
1170 1039 1247 1095 ut
1277 1048 1484 1115 supra
1516 1038 1868 1094 narratum
1898 1038 2032 1104 ατς
2067 1026 2186 1096 ubi
2217 1027 2425 1094 etiam
2457 1038 2797 1095 venerunt
2826 1039 3104 1094 centum
3149 1026 3428 1113 pedites
3458 1046 3586 1114 pro
3620 1027 3940 1095 custodia

189 1139 219 1206 5
258 1136 520 1208 civitatis
559 1147 632 1202 et
679 1134 771 1203 ob
816 1135 1121 1201 infinitas
1164 1134 1568 1202 insolentias
1610 1134 1964 1223 juvenum.

410 1244 534 1310 Die
576 1244 917 1333 vigesimo
962 1242 1256 1329 septimo
1301 1261 1465 1331 may
1510 1243 1918 1329 tempestive
1966 1242 2287 1311 dominus
2331 1241 2686 1311 Robertus
2718 1242 2806 1309 de
2839 1242 3102 1311 Sancto
3150 1240 3491 1309 Severino
3521 1241 3810 1309 recessit
3854 1263 3943 1308 ex

261 1351 584 1422 Collurnio
632 1362 706 1417 et
751 1349 876 1417 ivit
920 1348 1368 1429 Guastallam,
1415 1348 1539 1417 ubi
1584 1348 1794 1417 habet
1837 1349 2076 1417 filliam
2120 1349 2537 1429 maritatam,
2582 1349 2678 1418 ad
2721 1349 3233 1437 prandendum,
3278 1348 3672 1436 diciturque
3718 1348 3947 1436 ipsum

262 1461 349 1526 ire
386 1457 738 1526 Ferariam
784 1468 856 1523 et
900 1455 1161 1524 exinde
1192 1455 1432 1524 Senas.

70 1624 71 1627 ,
410 1564 666 1633 Ultimo
713 1584 875 1653 may
919 1563 1238 1630 dominus
1280 1561 1636 1631 Antonius
1680 1563 1967 1633 Trottus
2009 1565 2435 1655 gubernator
2479 1564 2753 1645 Parme,
2803 1563 3205 1631 convocatis
3249 1562 3549 1631 antianis
3593 1575 3667 1631 et
3708 1563 3946 1632 multis

170 1678 227 1741 10
259 1672 520 1751 civibus,
565 1670 929 1736 licentiam
974 1671 1277 1757 suscepit
1322 1670 1413 1738 ab
1459 1669 1777 1738 omnibus
1820 1692 2219 1739 recessurus
2262 1672 2353 1739 ab
2400 1671 2632 1749 offitio,
2683 1670 2838 1738 loco
2885 1672 3080 1737 cuius
3122 1669 3409 1737 intravit
3454 1669 3776 1738 dominus
3805 1671 3942 1738 Pe-

259 1793 380 1847 trus
420 1779 708 1844 Trottus
755 1776 967 1843 etiam
1013 1773 1530 1845 Alexandrinus
1577 1778 1848 1859 doctor,
1898 1779 2019 1866 qui
2064 1778 2203 1868 legi
2236 1779 2409 1846 fecit
2437 1779 2709 1845 litteras
2741 1778 2917 1845 dicti
2961 1777 3163 1867 officij
3215 1778 3500 1865 amplas,
3546 1789 3948 1867 ortatusque

259 1898 347 1955 est
388 1887 575 1953 cives
617 1885 711 1951 ad
760 1883 943 1951 bene
988 1894 1060 1951 et
1099 1885 1447 1973 tranquile
1493 1885 1893 1953 vivendum.

404 1992 635 2060 Prim0
676 1991 857 2082 junij
904 1991 1097 2058 facte
1142 2004 1301 2059 sunt
1344 2004 1544 2078 parte
1574 1993 1878 2080 prefacti
1910 1993 2176 2060 domini
2205 1993 2396 2061 Petri
2429 1992 2664 2061 Trotti
2695 1991 3179 2083 gubernatoris
3208 1991 3458 2060 Parme
3490 1991 3714 2073 cride,
3762 1992 3953 2080 quod

258 2100 452 2167 nullus
492 2100 708 2166 vadat
752 2118 910 2164 com
955 2097 1163 2164 armis
1207 2097 1323 2165 die
1372 2102 1519 2167 'nec
1549 2111 1778 2181 nocte,
1809 2119 1940 2168 nec
1986 2100 2134 2169 sine
2187 2100 2450 2169 lumine
2503 2099 2631 2168 sub
2677 2122 2860 2187 pena
2910 2101 2984 2166 in
3037 2098 3192 2188 alijs
3246 2099 3461 2166 cridis
3506 2112 3835 2168 contenta
3879 2111 3952 2167 et

169 2206 225 2273 15
259 2218 521 2296 quatuor
561 2204 835 2271 ictuum
883 2205 1118 2272 corde.
1211 2201 1565 2293 Quodque
1599 2227 1836 2274 omnes
1865 2207 2158 2287 banniti,
2188 2206 2682 2296 homicidiarii,
2714 2207 3071 2274 robatores
3099 2217 3187 2272 'et
3231 2203 3560 2273 rebelles'
3592 2227 3666 2273 se
3700 2206 3946 2274 absen-

260 2326 382 2381 tent
418 2334 460 2378 a
501 2311 824 2379 dominio
871 2311 1132 2378 ducali.
1223 2312 1315 2378 Et
1345 2313 1534 2399 quod
1565 2313 1686 2401 qui
1716 2316 2149 2382 accusaverit
2179 2314 2392 2395 fures,
2423 2313 2544 2402 qui
2579 2312 2956 2400 apotechas
2985 2323 3145 2379 sunt
3177 2312 3389 2378 furati
3434 2312 3513 2377 in
3557 2323 3765 2380 nocte
3807 2312 3954 2399 pri-

262 2420 380 2498 die,
421 2419 725 2486 lucretur
770 2428 1067 2485 tantum.
1158 2418 1253 2485 Et
1298 2419 1613 2488 similiter
1645 2421 1766 2508 qui
1799 2420 2322 2489 denuntiaverit
2369 2421 2827 2489 fabricatores
2871 2419 3077 2486 huius
3124 2418 3384 2487 frotule
3416 2418 3778 2509 divulgate
3824 2439 3954 2507 per

262 2538 444 2593 totam
486 2523 864 2605 civitatem,
914 2546 1058 2617 que
1106 2534 1211 2591 est
1253 2525 1437 2595 tallia
1480 2526 1844 2595 videlicet:

1297 2740 1464 2809 Non
1509 2763 1715 2809 sonno
1759 2743 1836 2809 in
1881 2744 2320 2811 Murmurolo
2363 2753 2553 2811 tante
2595 2750 2872 2834 putam,

170 2850 233 2914 20
1390 2848 1512 2917 Νὲ
1554 2850 1738 2916 tanti
1775 2852 2042 2917 amanti
2080 2852 2218 2917 han
2263 2852 2326 2918 le
2368 2861 2481 2919 tre
2529 2850 2898 2935 Cammille,

1393 2955 1520 3024 ΛῙὲ
1561 2966 1749 3023 tanto
1794 2957 1967 3024 Zam
2010 2956 2316 3043 Quirino
2359 2959 2452 3024 ha
2496 2959 2613 3024 del
2633 2958 2916 3041 zintille,

1395 3064 1520 3131 Νὶ
1562 3064 1631 3131 Ic
1673 3067 1993 3133 comadrc
2033 3088 2153 3133 son
2198 3075 2385 3133 tanto
2428 3068 2732 3153 rufam,-

1306 3169 1433 3238 M
1475 3179 1663 3238 tante
1703 3178 1899 3262 spese
1939 3194 2058 3239 son
2089 3172 2292 3262 facte
2334 3181 2563 3261 questo
2611 3195 2756 3259 ane,

1398 3277 1525 3346 ΛῙὲ
1564 3277 1694 3367 pie)
1736 3280 1830 3345 da
1872 3278 2087 3367 longo
2123 3286 2273 3369 par
2314 3280 2376 3345 il
2411 3278 2837 3369 campom'lle,

175 3383 238 3449 25
1404 3384 1526 3453 M
1567 3394 1755 3451 tanto
1780 3382 1882 3474 sa
1926 3386 2220 3453 Missero
2264 3386 2331 3453 lo
2372 3386 2776 3474 signorillq

1401 3491 1528 3561 Μ
1571 3500 1762 3560 tanto
1807 3492 1973 3560 belle
2015 3515 2136 3561 son
2181 3494 2244 3561 lc
2286 3494 2697 3582 castellane,-

1316 3599 1438 3668 Νὲ
1480 3609 1669 3667 tanto
1712 3622 1869 3666 seno
1912 3600 2005 3666 ha
2045 3601 2108 3667 il
2145 3603 2388 3668 zudcse
2430 3603 2547 3668 del
2588 3600 2883 3688 Canalle,

1401 3707 1526 3775 Νὲ
1568 3715 1757 3774 tanto
1800 3715 2026 3774 stenta
2074 3708 2135 3774 il
2180 3707 2252 3775 T
2244 3717 2425 3775 rotto
2471 3709 2531 3775 il
2567 3731 2684 3775 suo
2728 3709 3063 3792 mantellc,

1401 3813 1696 3903 Mspiae'c
1734 3821 1875 3904 per
1919 3837 2053 3881 non
2092 3815 2388 3904 goldere
2431 3816 2602 3883 roba
2643 3838 2734 3882 va
2776 3840 2821 3883 a
2865 3817 3106 3902 malle,-

178 3921 241 3986 30
1317 3922 1442 3990 Νὲ
1478 3921 1613 4012 pia
1655 3920 1835 3988 volla
1877 3922 2019 3988 alla
2063 3921 2433 3989 Frombola
2476 3923 2547 3990 cl
2582 3924 2886 4011 cavelle,

1402 4027 1531 4097 Μ
1575 4037 1762 4095 tanto
1807 4030 1976 4096 cade
2019 4027 2136 4094 chi
2175 4036 2433 4119 troppo
2476 4031 2552 4097 in
2595 4030 2732 4097 alto
2775 4030 2943 4097 salle
2955 4055 2982 4118 ;

1408 4135 1530 4204 M
1573 4144 1761 4203 tanto
1809 4133 2058 4202 Cesaro
2096 4136 2429 4226 praticha
2472 4138 2548 4203 in
2591 4137 2886 4205 bordelle
2895 4162 2924 4225 ,-

1761 4242 1888 4311 ΛῙὲ
1930 4265 2062 4309 uno
2105 4243 2295 4310 zillio
2337 4245 2374 4310 ὲ
2417 4252 2607 4310 tanto
2652 4244 2834 4331 belle,

1402 4349 1529 4418 Μ
1572 4358 1760 4416 tanto
1805 4349 1996 4416 bechi
2034 4372 2152 4417 son
2197 4350 2255 4417 li
2291 4350 2641 4438 Ludovici,

185 4455 246 4521 35
1416 4455 1695 4542 Quanto
1740 4456 1798 4523 li
1828 4458 2043 4547 porci
2076 4456 2292 4525 Rossi
2328 4457 2467 4525 han
2509 4458 2794 4526 im'mici.

420 4674 526 4742 Ob
569 4695 729 4764 que,
776 4672 1053 4739 {rotula
1103 4671 1393 4739 multum
1438 4671 1575 4737 suit
1620 4690 1829 4739 exosa
1859 4669 2081 4738 tribus
2126 4671 2472 4761 squadris,
2518 4672 2636 4760 qui
2685 4672 2874 4739 omni
2907 4671 3046 4754 via,
3079 4694 3219 4761 qua
3246 4683 3643 4761 potuerunt,
3690 4671 3975 4761 perqui-

277 4777 547 4849 siverunt
569 4780 1031 4849 conditorem
1057 4777 1264 4857 illius,
1296 4776 1809 4866 culpabantque
1838 4778 2151 4858 Rubeos,
2185 4779 2348 4846 licet
2378 4779 2624 4846 tendat
2647 4778 2723 4845 in
2756 4779 3179 4847 dedecorem
3202 4780 3615 4848 Rubeorum
3640 4780 3716 4845 in
3742 4778 3975 4845 multis

278 4887 567 4969 partibus,
612 4886 866 4954 silicet
908 4884 1329 4952 nominando
1377 4884 1731 4954 dominum
1779 4884 2176 4954 Guielmum
2239 4887 2330 4953 de
2385 4885 2659 4954 Canalli
2717 4898 2791 4953 et
2850 4886 3197 4968 Cesarem,
3259 4887 3379 4976 qui
3440 4898 3546 4956 est
3605 4887 3824 4954 Cesar
3881 4884 3972 4951 de

279 4990 689 5074 Ravacaldis,
737 4990 964 5061 ambo
1008 4991 1277 5071 Rubei3
1340 5003 1586 5078 postea
1630 4991 1986 5059 conclusio
2047 4993 2196 5059 finit
2258 4992 2332 5057 in
2377 4991 2685 5060 Rubeos.
2780 4990 2994 5071 Quod
3052 4993 3266 5060 etiam
3327 5015 3494 5084 egre
3553 4994 3713 5061 tulit
3772 5012 3976 5060 reve-

184 5095 249 5158 40
281 5100 505 5167 rendus
548 5101 890 5169 dominus
935 5098 1304 5185 episcopus
1347 5096 1764 5176 Parmensis,
1811 5116 2125 5164 asserens
2183 5098 2305 5164 illa
2363 5097 2599 5177 verba,
2661 5100 2937 5166 missero
2980 5099 3049 5165 el
3082 5100 3451 5186 sug-norme
3506 5100 3702 5166 facta
3759 5099 3972 5166 fuisse

277 5224 384 5288 pro
423 5226 524 5287 ec,
583 5207 709 5296 qui
759 5202 973 5294 quasi
1034 5203 1107 5269 in
1169 5203 1486 5272 omnibus
1545 5225 1619 5270 se
1675 5203 2096 5271 intromittit.
2185 5203 2534 5272 Ludovici
2592 5224 2761 5272 vero
2821 5204 3176 5291 persimile
3238 5225 3404 5295 egre
3466 5204 3809 5285 ferebant,
3857 5204 3980 5293 qui

285 5328 491 5380 omnes
532 5313 877 5381 dicuntur
926 5310 1014 5377 de
1061 5311 1364 5398 squadra
1405 5309 1839 5378 Pallavicina
1886 5322 1958 5377 et
1986 5309 2244 5377 habere
2290 5332 2546 5378 uxores
2591 5331 2857 5378 cornua
2899 5310 3037 5377 illis
3068 5311 3431 5391 facientes,
3478 5310 3709 5378 silicet
3740 5331 3974 5378 comes

283 5414 650 5488 Ludovicus
694 5420 790 5485 de
842 5415 1198 5505 Vallerijs,
1244 5415 1569 5483 dominus
1612 5415 2013 5483 Ludovicus
2070 5414 2373 5483 Antinus
2415 5419 2691 5497 doctor,
2736 5417 3060 5484 dominus
3118 5416 3522 5485 Ludovicus
3567 5417 3976 5484 Pencharus

286 5520 519 5605 doctor,
559 5524 992 5594 Ludovicus
1034 5523 1125 5589 de
1155 5523 1588 5603 Cornazano,
1618 5523 2020 5591 Ludovicus
2051 5523 2525 5592 Baldechinus
2554 5535 2624 5591 et
2650 5522 3054 5592 Ludovicus
3099 5524 3448 5613 Sorgetus.
3542 5524 3722 5591 Tres
3749 5536 3981 5592 autem

191 5621 253 5687 45
288 5626 545 5699 Camille
590 5632 939 5700 dicuntur
981 5629 1282 5698 Camilla
1324 5629 1493 5697 fillia
1540 5630 1938 5700 Sebastiani
1986 5628 2102 5697 de'
2136 5628 2542 5720 Bergonzijs
2570 5643 2787 5719 nupta
2820 5642 2890 5698 et
2918 5652 3094 5699 uxor
3121 5631 3460 5719 Johannis
3503 5629 3850 5722 Aldigerij
3885 5633 3976 5700 de

289 5732 681 5820 Cornazano,
741 5737 1068 5806 secunda
1127 5748 1236 5804 est
1294 5736 1463 5803 fillia
1502 5737 1937 5806 Baldessaris
1994 5737 2303 5826 Bernerij
2354 5748 2573 5824 nupta
2629 5738 2705 5803 in
2762 5739 3159 5826 johannem
3202 5738 3586 5806 Martinam
3632 5739 3725 5806 de
3769 5737 3983 5818 Salle,

291 5843 464 5910 tertia
502 5858 606 5914 est
648 5845 828 5913 fillia
892 5843 1298 5932 Bonacursij
1365 5846 1457 5914 de
1500 5844 1800 5914 Nuceto.
1891 5843 2287 5913 Castellane
2350 5855 2508 5911 sunt
2566 5845 2706 5912 filie
2762 5845 2900 5912 due
2964 5846 3326 5914 castellani
3388 5845 3647 5914 Sancte
3707 5846 3976 5925 Crucis,

293 5947 476 6020 altera
502 5973 797 6042 quarum
832 5963 948 6020 est
977 5963 1193 6039 nupta
1237 5951 1314 6018 in
1359 5952 1809 6020 Franciscum
1840 5951 2188 6021 Ceratum.
2267 5950 2643 6019 Frombola
2673 5951 2932 6020 dicitur
2958 5953 3189 6021 Lucas
3218 5953 3307 6021 de
3336 5953 3659 6045 Ferarijs.
3723 5953 3987 6044 Johan-

4102 2121 4257 2168 Mun-s.
4287 2120 4373 2162 3⁴0

4127 5651 4319 5701 e.7⁶v
