4895 7066
1856 371 1881 404 0

330 503 421 577 [Α.
455 501 603 559 1482
639 502 1124 574 giugno-luglio]
1471 494 1585 567 IN
1639 492 2154 566 PARTIBUS
2209 490 2844 564 LOMBARDIE
3869 485 4005 559 lll

1626 643 1761 652 nomn-00-
1766 642 1900 652 nunno—e-
1904 635 3689 652 noomnffltmfflmwfflm

484 755 731 822 Ultimo
776 755 951 846 junij
1002 757 1394 844 trepidante
1445 754 1754 823 exercitu
1800 753 2077 834 ducalli,
2124 754 2243 842 qui
2290 751 2947 822 castramentabatur
2991 752 3497 830 Basilicenove,
3558 772 3649 817 ne
3696 772 3740 817 a
3797 749 4021 839 gentl-

336 861 446 929 bus
482 861 880 929 Rubeorum
925 863 1376 930 insultaretur
1422 875 1493 930 et
1533 864 1673 954 jam
1718 863 1790 928 in
1835 861 2216 928 Tureclara
2264 861 2704 927 cohadunato
2751 860 2937 927 omni
2983 859 3290 926 exercitu
3338 870 3408 925 et
3451 869 3814 945 potentatu
3873 856 4024 924 Ru-

346 969 624 1048 beorum‚
673 992 834 1036 cum
879 969 1288 1059 magnificus
1332 970 1646 1036 dominus
1693 969 1922 1036 Guido
1969 981 2039 1035 et
2081 966 2453 1035 Amoratus
2494 968 2568 1033 in
2601 979 2806 1034 nocte
2840 966 3292 1033 accessissent
3319 964 3710 1042 Parianum,
3741 965 3880 1054 jam
3915 983 4025 1029 or-

332 1075 546 1142 dinato
590 1076 896 1142 exercitu
942 1077 1030 1143 de
1079 1077 1474 1143 invadendo
1505 1087 1748 1164 gentes
1777 1075 2107 1154 ducalles,
2156 1073 2433 1141 Sforcia
2463 1073 2699 1141 habito
2730 1086 3022 1141 tractatu
3056 1093 3211 1140 com
3242 1070 3453 1138 Petro
3485 1071 3575 1137 de
3606 1069 4023 1160 Ugorubeis‚

256 1179 290 1246 5
333 1195 606 1248 castrum
652 1183 874 1269 ipsum
922 1184 1373 1261 custodiente,
1419 1205 1557 1250 una
1603 1202 1759 1248 com
1806 1181 1956 1269 alijs
1986 1182 2124 1249 suis
2158 1180 2629 1268 complicibus,
2663 1193 2958 1248 castrum
2987 1180 3210 1266 ipsum
3241 1175 3528 1245 munivit
3559 1189 3630 1245 et
3660 1176 4028 1263 occupavit

328 1289 513 1356 cern‘s
554 1289 804 1357 habitis
851 1291 1164 1378 capitulis
1213 1310 1367 1357 com
1413 1289 1564 1378 ipso
1608 1288 1820 1357 Petro
1869 1302 1940 1356 et
1985 1287 2437 1376 complicibus
2499 1289 2658 1368 suis,
2721 1310 2855 1376 que
2916 1287 3305 1376 nullatenus
3366 1284 3778 1352 observavit.
3873 1282 4017 1350 Sed

324 1416 471 1484 ymo
514 1396 650 1463 fide
696 1397 925 1463 fracta
970 1416 1209 1464 omnes
1257 1398 1589 1475 forenses,
1638 1396 1755 1484 qui
1799 1396 1992 1462 multi
2038 1409 2254 1475 erant,
2303 1395 2626 1482 spoliavit
2673 1407 2744 1461 et
2788 1394 3041 1460 multos
3104 1394 3290 1481 cepit
3349 1411 3479 1479 pro
3544 1390 3852 1478 captivis,
3915 1389 4021 1455 di-

324 1514 626 1589 ctumque
672 1502 954 1569 Petrum
1000 1503 1426 1590 proditorem
1470 1503 1815 1570 affidatum
1865 1502 2209 1581 exullavst,
2241 1503 2356 1590 qui
2388 1514 2636 1589 postea
2670 1522 2824 1568 cum
2855 1501 2947 1567 ad
2980 1500 3332 1568 dominum
3364 1497 3753 1566 Robertum
3782 1516 4024 1564 acces-

322 1608 520 1686 sisset,
567 1622 810 1696 captus
869 1610 1148 1676 tandem
1207 1609 1575 1677 infideliter
1638 1621 1709 1676 et
1769 1609 1975 1676 malla
2034 1621 2111 1675 ut
2170 1609 2418 1675 meruit
2463 1621 2683 1675 morte
2729 1607 2941 1674 vitam
2991 1607 3226 1684 finivit,
3271 1609 3485 1698 justas
3542 1604 3737 1671 luens
3781 1623 4020 1689 penas.

218 1716 285 1779 10
327 1711 523 1790 Quod
569 1735 863 1783 cernens
905 1716 1224 1784 dominus
1270 1716 1499 1784 Guido
1546 1736 1701 1783 com
1750 1716 1936 1782 omni
1981 1715 2288 1782 exercitu
2332 1715 2623 1781 recessit
2668 1726 2737 1780 et
2797 1714 2891 1780 ad
2955 1711 3478 1779 Turemclaram
3526 1723 3632 1778 est
3681 1729 4020 1778 reversus.

319 1820 440 1886 Die
479 1842 643 1888 vero
689 1836 932 1910 sequta
977 1822 1201 1888 dictus
1250 1822 1527 1890 Sforcia
1570 1822 1858 1889 munivit
1904 1821 1994 1889 de
2041 1821 2330 1888 acordio
2379 1832 2678 1887 castrum
2727 1819 3027 1898 Pariani,
3076 1818 3264 1905 quod
3311 1830 3461 1885 erat
3506 1816 3698 1883 Petri
3729 1816 3819 1882 de
3851 1814 4023 1881 Bra-

320 1926 437 2007 vis,
478 1927 727 1995 deinde
775 1929 1091 1995 Parmam
1143 1950 1299 1996 com
1345 1929 1529 1996 omni
1579 1928 1885 1996 exercitu
1927 1928 2227 2015 perexit:
2293 1928 2482 2015 quod
2530 1939 2771 1994 contra
2816 1926 3118 1992 omnium
3143 1946 3358 2012 spem
3405 1923 3786 2001 successit·
3835 1940 4006 2010 quo-
4075 1997 4082 2012 ‚

320 2033 489 2098 niam
535 2047 831 2101 castrum
878 2036 1099 2123 ipsum
1145 2035 1622 2102 Basilicenove
1670 2048 1819 2104 erat
1863 2032 2398 2123 inexpugnabile
2462 2046 2534 2101 et
2592 2032 3107 2100 munitissimum
3169 2052 3475 2120 agerum,
3535 2049 3884 2096 murorum
3945 2038 4018 2093 et

321 2139 771 2208 munitionum.

204 2243 273 2308 15
481 2246 721 2315 Tertio
762 2247 939 2340 jullij
986 2249 1303 2317 dominus
1351 2249 1704 2337 Johannes
1749 2248 2160 2316 Franciscus
2202 2246 2669 2316 Pallavicinus
2715 2247 2905 2314 venit
2950 2244 3293 2323 Parmam,
3337 2243 3457 2310 ubi
3499 2242 3742 2330 paucis
3773 2239 4019 2309 diebus

320 2370 563 2418 moram
609 2354 897 2433 trhaxit3
933 2368 1002 2422 et
1031 2357 1292 2422 famma
1323 2357 1476 2434 fuit,
1509 2355 1699 2443 quod
1745 2354 1961 2422 voluit
2002 2354 2274 2442 ingredi
2322 2354 2716 2421 citadellam
2745 2352 2995 2419 Parme
3044 2365 3114 2419 et
3158 2350 3346 2417 illam
3377 2350 3703 2437 accipere
3735 2348 4017 2416 domino

313 2457 594 2544 Johanni
651 2460 922 2547 Jacobo
984 2462 1248 2529 Malete
1295 2463 1659 2550 capitaneo
1722 2474 1792 2528 et
1855 2461 2122 2528 custodi
2182 2460 2363 2527 illius
2420 2481 2551 2547 pro
2613 2471 2793 2527 statu
2853 2458 3238 2526 Mediolani
3299 2469 3625 2544 tanquam
3672 2467 4018 2543 suspect0,

327 2564 501 2649 quod
542 2565 809 2634 Rubeis
855 2569 1285 2637 amicaretur.
2774 2626 2784 2636 .

495 2669 753 2749 Quinto
794 2675 968 2765 jullij
1022 2676 1336 2744 dominus
1382 2675 1660 2743 Sforcia
1707 2695 1863 2741 com
1910 2686 2058 2742 toto
2103 2674 2414 2741 exercitu
2461 2673 2716 2741 ducalli
2763 2672 3058 2740 accessit
3103 2672 3195 2738 ad
3226 2683 3522 2738 castrum
3567 2667 4020 2736 Rocheblan-

203 2779 279 2841 20
326 2778 448 2844 che
489 2779 782 2864 prefacti
830 2781 1089 2848 domini
1134 2781 1557 2860 Petrimarie,
1602 2780 1718 2847 ubi
1767 2781 1928 2848 duci
1976 2781 2147 2848 fecit
2179 2780 2620 2860 bombardas,
2652 2792 2728 2847 ut
2755 2780 2909 2846 illas
2938 2780 3105 2867 figat
3150 2777 3242 2844 ad
3286 2776 3802 2843 demolitionem
3850 2775 4021 2842 dicti

325 2886 529 2950 castri.
616 2887 709 2953 Et
758 2887 919 2974 quia
964 2889 1357 2982 stipendiati
1406 2889 1509 2956 sui
1554 2901 1694 2955 tam
1741 2888 2014 2975 pedites
2059 2908 2266 2976 quam
2299 2900 2655 2976 equestres
2683 2907 2827 2954 non
2860 2885 3040 2953 bene
3073 2882 3534 2964 solvebantur,
3566 2882 3899 2970 quottidie
3932 2904 4020 2949 ex

326 2990 419 3056 eis
457 2991 659 3079 aliqui
703 2993 1071 3082 fugiebant
1117 3017 1203 3061 ex
1249 2997 1509 3063 castris.

483 3098 657 3164 Dum
703 3100 840 3166 hec
884 3101 1149 3179 fierent,
1194 3103 1595 3190 magnificus
1641 3101 1957 3168 dominus
2007 3101 2236 3172 Guido
2282 3100 2573 3169 Rubeus
2617 3121 2772 3168 com
2821 3101 3005 3168 omni
3064 3120 3189 3166 suo
3246 3098 3553 3166 exercitu
3596 3096 3719 3164 ivit
3763 3098 3858 3164 ad
3902 3116 4020 3163 ca-

328 3215 519 3269 strum
560 3206 937 3285 Ravarani,
985 3207 1173 3294 quod
1218 3201 1488 3275 tenetur
1529 3229 1662 3295 per
1724 3207 2073 3274 dominum
2137 3208 2549 3275 Federicum
2610 3205 3132 3284 Pallavicinum,
3195 3218 3271 3272 ut
3329 3202 4017 3292 illudLexpugnaret,

208 3305 286 3372 25
329 3308 750 3391 devastandO,
801 3312 1271 3381 comburendo
1317 3327 1389 3380 et
1432 3316 1719 3401 predam
1768 3314 2134 3381 maximam
2182 3314 2550 3381 bestiarum
2582 3313 2947 3392 faciend03
2984 3324 3054 3380 et
3083 3313 3244 3401 quia
3290 3312 3660 3379 existentes
3703 3308 3793 3376 ab
3838 3309 4020 3378 intra

325 3415 582 3484 viriliter
624 3439 702 3483 se
750 3419 1221 3499 defensarunt,
1267 3433 1464 3488 sexto
1508 3420 1682 3512 jullij
1732 3420 1985 3488 abinde
2031 3422 2321 3489 recessit
2365 3441 2502 3488 con
2548 3421 2855 3488 exercitu
2898 3440 3281 3508 properans
3326 3418 3669 3486 Fillinum.

483 3524 673 3592 Duce
721 3524 1071 3593 Callabrie
1114 3527 1299 3616 regis
1343 3528 1768 3595 Ferdinandi
1813 3528 1980 3595 fillio
2030 3528 2330 3596 Romam
2375 3541 2446 3596 et
2491 3527 2849 3596 Romanos
2892 3549 3050 3594 cum
3094 3521 3884 3614 vallidissimossexercitu
3913 3525 4019 3593 in-

326 3629 619 3711 festante,
666 3645 744 3699 ut
787 3633 1019 3700 veniat
1067 3646 1138 3700 et
1180 3646 1482 3702 transeat
1528 3636 1599 3702 in
1644 3636 1925 3703 auxillio
1972 3637 2167 3703 ducis
2212 3635 2493 3703 Ferarie
2542 3636 2821 3724 cognati
2865 3634 2989 3715 sui,
3037 3634 3440 3722 magnificus
3500 3632 3816 3701 dominus
3862 3635 4012 3700 Ro-

326 3735 535 3804 bertus
578 3739 668 3805 de
714 3738 1066 3807 Ari-imino
1113 3742 1509 3828 capitaneus
1553 3743 1979 3810 Venetorum
2037 3744 2112 3810 in
2170 3743 2659 3822 Romandiola,
2708 3762 2864 3809 com
2916 3741 3080 3808 satis
3124 3740 3309 3807 bono
3356 3740 3663 3807 exercitu
3717 3741 4018 3807 Romam

217 3842 287 3905 30
325 3846 700 3930 properavit
744 3859 814 3912 et
858 3846 1028 3913 inita
1069 3868 1302 3937 pugna
1350 3868 1504 3915 com
1549 3847 2151 3938 Arragonensibus
2194 3871 2415 3937 prope
2462 3851 2782 3930 Romam,
2828 3848 3011 3936 rupit
3057 3860 3127 3917 et
3172 3847 3360 3934 cepit
3402 3868 3525 3913 sex
3570 3847 3900 3934 squadras
3947 3860 4018 3914 et

325 3949 491 4016 mille
533 3952 827 4037 pedites,
875 3974 1049 4041 quos
1091 3955 1321 4021 Rome
1370 3955 1560 4022 duxit
1593 3976 1762 4022 -com
1809 3956 2174 4043 triumpho.

481 4056 635 4124 Hoc
682 4059 888 4125 etiam
936 4072 1243 4146 tempore
1289 4083 1335 4127 a
1391 4061 1787 4150 regentibus
1847 4076 2095 4129 statum
2153 4063 2535 4132 Mediolani
2597 4064 2852 4150 scripte
2914 4074 3071 4129 sunt
3134 4061 3356 4127 littere
3419 4060 3758 4139 Parmam,
3822 4061 4013 4149 quod

326 4160 628 4230 volebant
671 4186 718 4231 a
762 4165 1025 4234 civibus
1068 4166 1158 4233 de
1207 4169 1505 4255 squadra
1549 4168 1801 4235 Rubea
1846 4189 1975 4256 pro
2023 4169 2324 4237 subsidio
2370 4171 2709 4257 presentis
2739 4190 2986 4258 guerre
3048 4169 3337 4235 ducatos
3389 4166 3783 4256 quindecim
3834 4168 4021 4235 mille

329 4270 474 4334 auri.
558 4271 670 4336 Ex
714 4292 852 4359 quo
901 4273 1107 4352 cives,
1153 4276 1270 4361 qui
1314 4288 1656 4361 poterant,
1702 4276 1993 4363 patriam
2041 4277 2446 4364 linquentes,
2481 4278 2573 4344 ad
2604 4278 2864 4344 alienas
2892 4288 3124 4363 partes
3168 4297 3243 4342 se
3292 4272 3802 4342 transferebant
3847 4286 3916 4341 et
3949 4276 4020 4341 in
4107 4364 4118 4371 η

235 4370 296 4435 35
332 4376 492 4441 exitu
515 4377 806 4445 civitatis
839 4378 1353 4447 derobabantur
1383 4394 1454 4448 et
1484 4382 1661 4449 male
1694 4383 2183 4450 tractabantur.
2245 4382 2451 4450 Multi
2483 4395 2711 4450 tamen
2744 4405 2817 4450 se
2853 4394 3410 4469 composuerunt,
3441 4393 3517 4447 ut
3546 4381 4020 4466 repatriarent.

484 4482 754 4551 Octavo
797 4484 969 4575 jullij
1017 4487 1324 4572 plantate
1370 4500 1527 4555 sunt
1569 4487 1951 4555 bombarde
1999 4490 2186 4555 circa
2214 4489 2501 4556 rocham
2550 4490 2752 4555 castri
2796 4487 3371 4566 Rocheblanche‚
3417 4499 3493 4554 ut
3536 4487 3755 4573 ipsam
3802 4509 4017 4575 expu-

329 4601 594 4674 gnarent
641 4603 715 4657 et
760 4591 828 4656 vi
876 4590 1283 4673 obtinerent,
1331 4606 1470 4660 tam
1519 4594 1606 4660 de
1654 4594 1767 4661 die
1814 4617 2018 4682 quam
2066 4595 2154 4661 de
2203 4609 2409 4663 nocte
2456 4596 2879 4663 incessanter
2923 4593 3472 4661 bombardandO.

482 4696 695 4762 Nono
725 4698 899 4788 jullij
932 4700 1337 4787 magnificus
1382 4700 1701 4767 dominus
1748 4702 1976 4769 Guido
2010 4703 2099 4769 de
2134 4702 2422 4779 Rubeis,
2470 4723 2626 4769 com
2673 4702 2925 4769 comite
2974 4700 3309 4769 Amorato
3342 4715 3426 4788 et·
3446 4690 3629 4768 oinni
3663 4723 3788 4769 suo
3821 4724 4019 4769 exer-

327 4799 443 4867 citu
483 4804 774 4869 recessit
819 4825 907 4869 ex
951 4804 1201 4871 Fillino
1248 4818 1317 4873 et
1359 4807 1484 4874 ivit
1533 4805 1955 4895 Vigatulum‚
2003 4809 2338 4896 quottidie
2405 4809 2753 4875 civitatem
2816 4821 2887 4876 et
2949 4808 3136 4875 cives
3195 4809 3614 4895 infestand0‚
3679 4807 3889 4875 blada
3946 4809 4019 4876 in

232 4905 291 4968 40
320 4907 545 4992 palleis
588 4909 937 4976 cumulata
982 4909 1398 4978 abducendo
1444 4926 1517 4981 et
1561 4914 1975 4993 cremando,
2003 4914 2325 5002 cepitque
2372 4915 2609 4981 turrim
2660 4914 2749 4981 de
2794 4914 3093 4993 Albaris,
3139 4935 3274 5003 que
3320 4937 3364 4982 a
3408 4926 3587 4982 statu
3633 4912 4021 4982 Mediolani

316 5015 558 5081 munita
606 5014 1124 5084 custodiebatur
1168 5030 1239 5086 et
1282 5018 1468 5084 illam
1513 5021 1915 5106 perforavit,
1963 5042 2051 5087 ne
2084 5034 2266 5089 esset
2294 5022 2366 5087 in
2401 5021 2749 5101 fortilicio,
2782 5044 2987 5110 quam
3016 5019 3339 5088 Andreas
3373 5023 3461 5090 de
3493 5019 3831 5112 Bayardis
3859 5042 4022 5109 pos-

314 5120 592 5198 sidebat,
642 5121 715 5186 in
761 5143 898 5208 qua
945 5124 1132 5210 cepit
1172 5124 1291 5214 xij.
1337 5126 1836 5211 provisionatos
1882 5127 2216 5195 ducalles.

471 5228 661 5294 Cum
708 5226 943 5294 Rubei
988 5229 1175 5296 cives
1221 5231 1551 5317 quottidie
1596 5244 2008 5299 vexarentur
2053 5255 2095 5298 a
2138 5246 2318 5301 statu
2375 5233 2763 5301 Mediolani
2820 5255 2950 5321 pro
3014 5235 3313 5302 collecta
3375 5234 3773 5323 quindecim
3831 5234 4018 5303 mille

311 5352 669 5400 ain-eorum
714 5333 847 5400 illis
892 5334 1227 5420 imposita,
1274 5336 1626 5417 solvenda,
1675 5338 1867 5404 multi
1908 5339 2200 5425 patriam
2245 5339 2618 5428 liquissent,
2651 5341 2842 5408 multi
2874 5336 3260 5409 absconditi
3293 5355 3363 5409 et
3394 5342 3735 5409 latitantes
3766 5342 4019 5422 forent,

222 5439 279 5502 45
311 5440 646 5527 paucique
692 5440 766 5505 in
811 5440 1088 5509 civitate
1132 5455 1519 5523 restassent,
1567 5445 1683 5532 qui
1729 5445 1829 5512 sic
1874 5446 2170 5513 remansi
2217 5447 2443 5527 offitia,
2507 5461 2690 5515 artes
2737 5461 2808 5516 et
2865 5448 3176 5537 gabellas
3235 5449 3541 5516 lucrosas
3601 5448 4023 5518 exercebant

313 5546 368 5611 in
410 5545 718 5625 civitate,
765 5546 942 5613 inter
988 5568 1110 5614 eos
1155 5547 1386 5615 ellecti
1429 5563 1586 5617 sunt
1631 5562 1770 5617 tres
1817 5564 2147 5632 oratores,
2193 5554 2418 5621 silicet
2463 5555 2874 5623 Franciscus
2903 5556 3277 5636 Centonus,
3311 5556 3681 5624 Baldessar
3711 5557 3801 5624 de
3836 5558 4019 5624 Ner-

318 5672 469 5719 rono
521 5664 594 5718 et
640 5651 947 5739 jacobus
989 5652 1335 5743 Pegulius,
1384 5655 1541 5722 ituri
1585 5656 2059 5725 Mediolanum
2105 5680 2235 5746 pro
2282 5660 2471 5726 dicta
2515 5660 2812 5728 collecta
2856 5662 3253 5750 mitiganda.
3347 5662 3490 5741 Qui
3537 5683 3693 5729 cum
3739 5664 4022 5731 fuerunt

321 5757 685 5825 Mediolani
731 5781 775 5826 a
818 5758 1215 5847 regentibus
1260 5773 1505 5828 statum
1550 5760 1737 5829 bona
1779 5778 2246 5851 perceperunt
2288 5765 2502 5833 verba
2534 5779 2603 5833 et
2634 5766 2764 5833 sibi
2810 5768 3067 5835 litteras
3096 5769 3285 5836 varie
3319 5770 3660 5849 fecerunt,
3692 5770 4023 5839 videlicet

331 5865 490 5949 quod
531 5865 854 5932 venirent
897 5865 1220 5932 Parmam
1269 5879 1339 5934 et
1384 5868 1704 5935 facerent
1744 5869 2047 5956 persolvi
2096 5891 2139 5935 a
2183 5883 2355 5938 totta
2399 5873 2699 5960 squadra
2743 5872 2996 5941 Rubea
3042 5895 3290 5942 aureos
3320 5875 3437 5965 xij.
3469 5875 3657 5943 mille
3705 5889 3776 5944 et
3818 5877 4020 5945 aliter

256 5962 306 6030 50
333 5971 487 6055 quod
530 5971 659 6060 ipsi
708 5984 1025 6038 oratores
1070 5972 1159 6039 de
1204 5974 1487 6060 proprio
1533 5974 1897 6042 solverent.
1988 5976 2097 6044 De
2144 5997 2284 6065 quo
2300 5978 2315 6009 '
2363 5990 2671 6046 oratores
2715 5980 2845 6069 ipsi
2903 5980 3161 6070 previsi
3205 5983 3514 6072 acceptis
3558 5982 3801 6054 litteris
3857 6005 4020 6074 pre-

1142 6106 1163 6139 l

4162 1942 4313 1991 Mun..
4346 1942 4431 1987 386

4169 6006 4327 6059 Mun..
4358 6008 4438 6057 ³⁸7
