4895 7066
251 525 350 597 [A.
391 527 540 581 1481
579 522 874 594 rebbraio]
1396 513 1509 586 IN
1562 511 2076 585 PARTIBUS
2132 511 2765 585 LOMBARDIE
3829 503 3934 588 95

1206 662 1561 672 *mann-*noo
1598 661 3924 673 .W.ffl·fflu‹muomfflnfflummmmom„memnon—0000„W---o..u...u.u--amuo-

252 777 413 843 cisse
456 775 862 856 Mediolani3
912 799 1049 865 pro
1096 778 1452 845 tractando
1499 777 1723 845 reditu
1767 778 1839 842 in
1881 776 2105 864 primo
2150 778 2372 866 gradu
2419 776 2698 844 domine
2745 777 3014 845 ducisse
3061 775 3466 857 Mediolani,
3513 798 3648 866 que
3695 778 3927 845 adhuc

251 883 528 950 rescidet
570 881 845 964 Abiate,
895 885 988 951 ad
1035 886 1224 973 quod
1267 884 1388 952 ivit
1431 896 1589 972 post
1629 883 2078 951 remotionem
2109 883 2359 950 Taxini
2390 896 2461 950 et
2492 883 3067 971 decapitationem
3102 883 3360 950 domini
3391 883 3626 962 Cichi3
3660 884 3928 973 fuitque

246 988 602 1055 honorifice
632 1001 1047 1077 recepturae,
1081 990 1574 1079 descenditque
1610 989 1682 1057 in
1716 990 1907 1057 curia
1935 989 2173 1058 veteri.
2237 989 2430 1070 Quid
2463 1001 2689 1056 autem
2721 1002 3063 1078 sequetur,
3096 987 3221 1056 sub
3256 988 3468 1057 dubio
3502 1003 3624 1058 est.

404 1095 690 1162 Decimo
764 1095 1095 1188 februarii
1160 1097 1488 1184 scriptum
1555 1096 1686 1163 fuit
1754 1119 1841 1163 ex
1900 1097 2134 1164 Roma
2192 1095 2537 1176 Parmam,
2597 1096 2914 1185 qualliter
2975 1096 3455 1183 applicuerunt
3512 1097 3780 1165 Idronti
3846 1098 3921 1163 in

180 1201 211 1265 5
250 1201 533 1287 Apullea
573 1221 788 1268 naves
831 1203 1072 1292 viginti
1117 1224 1240 1270 sex
1282 1203 1568 1282 Turchi,
1603 1215 1840 1271 onuste
1871 1200 2377 1283 munitionibus,
2427 1202 2773 1270 artellaria
2804 1216 2873 1269 et
2901 1201 3239 1290 victualiis
3284 1214 3354 1270 et
3400 1221 3556 1270 com
3587 1223 3710 1269 sex
3735 1203 3921 1270 mille

248 1308 528 1396 arcerijs,
575 1309 667 1376 de
713 1329 852 1396 quo
898 1320 1071 1376 totta
1114 1310 1347 1377 Roma
1372 1321 1581 1397 pavet
1627 1322 1697 1377 et
1738 1309 1917 1376 ultra
1959 1330 2126 1376 vasa
2170 1321 2500 1397 argentea
2527 1308 2873 1396 pontificis
2902 1308 2975 1374 in
3002 1308 3302 1395 pecunia
3335 1309 3652 1389 conflata,
3686 1309 3932 1376 multas

247 1433 466 1479 cruces
510 1425 581 1480 et
627 1414 908 1482 callices
936 1415 1010 1481 in
1040 1414 1369 1504 eccle'sijs
1413 1416 1790 1504 superfluos
1839 1413 2146 1481 converti
2193 1414 2364 1481 fecit
2385 1415 2705 1501 pontifex
2733 1415 2804 1479 in
2835 1414 3129 1481 monetis
3158 1433 3287 1501 pro
3319 1426 3651 1500 apparatu
3683 1427 3926 1481 contra

247 1521 599 1588 Turchum.

400 1628 610 1695 Circa
657 1629 1009 1696 dimidium
1054 1629 1379 1720 februarii
1448 1630 1617 1697 dicti
1678 1629 1837 1695 anni
1892 1631 2052 1696 1481
2121 1628 2311 1697 venit
2361 1630 2678 1697 Parmam
2732 1629 3009 1717 quidam
3062 1627 3344 1695 tubicen
3398 1628 3744 1717 magnifici
3798 1629 3926 1695 do-

156 1735 213 1798 10
246 1733 385 1797 mini
429 1734 835 1802 Petrimarie
882 1736 971 1803 de
1018 1736 1306 1817 Rubeis,
1360 1736 1477 1825 qui
1537 1736 1720 1803 stetit
1783 1735 1976 1802 annis
2020 1735 2320 1824 quinque
2381 1736 2453 1801 in
2514 1734 3111 1823 Constantinopoli
3171 1736 3263 1801 ad
3323 1735 3602 1802 servitia
3644 1735 3930 1815 Turchi‚

244 1860 498 1906 narrans
544 1842 740 1928 quod
783 1841 930 1928 ipse
989 1843 1261 1910 Turcus
1317 1842 1541 1911 nullos
1602 1842 2007 1909 christianos
2069 1842 2416 1909 mollestat
2460 1842 2532 1908 in
2576 1841 3196 1927 Constantinopoli,
3243 1841 3408 1928 quin
3453 1841 3687 1909 vivant
3737 1861 3930 1909 more

245 1947 590 2014 christiano
640 1960 711 2016 et
756 1948 850 2014 ibi
896 1949 1356 2016 cellebrantur
1400 1950 1601 2017 misse
1651 1961 1721 2016 et
1765 1949 1900 2014 alia
1944 1948 2177 2016 divina
2223 1950 2451 2029 offitia,
2497 1947 2614 2014 ubi
2656 1948 2764 2036 jus
2811 1947 3125 2015 omnibus
3170 1947 3501 2029 redditur,
3555 1948 3931 2036 dicensque

244 2054 405 2139 quod
448 2073 609 2119 cum
657 2056 851 2122 multi
895 2055 1163 2124 nobiles
1209 2056 1461 2143 captivi
1522 2056 1612 2122 de
1673 2056 1958 2122 Idronto
2017 2055 2289 2122 civitate
2336 2054 2611 2142 Apulee
2660 2076 2704 2121 a
2747 2054 3047 2122 Turchis
3108 2066 3313 2141 capta
3373 2055 3562 2122 ducti
3623 2054 3716 2122 ad
3776 2076 3931 2121 eum

244 2159 519 2239 fuissent,
553 2173 632 2227 et
673 2161 803 2229 sibi
847 2175 1235 2230 narrassent
1279 2163 1717 2230 crudelitates
1763 2162 1987 2228 factas
2030 2162 2172 2228 illic
2218 2184 2345 2250 per
2390 2162 2536 2229 eius
2579 2163 2812 2240 Bassa,
2859 2160 3050 2250 quod
3095 2162 3232 2228 hoc
3281 2161 3673 2251 intelligens
3719 2162 3931 2229 deca-

156 2263 211 2331 15
244 2266 419 2351 pitari
460 2266 643 2333 fecit
688 2268 948 2334 dictum
991 2269 1227 2336 Bassa.
1315 2268 1427 2337 Ac
1476 2269 1678 2336 etiam
1724 2268 1885 2357 quia
1928 2268 2260 2335 habuerat
2305 2269 2378 2335 in
2421 2269 2762 2335 mandatis
2807 2280 3033 2335 castra
3077 2287 3340 2355 ponere
3384 2267 3751 2358 Brondusij
3799 2287 3929 2354 pro

244 2372 536 2441 habendo
584 2376 1040 2462 receptaculo
1085 2389 1346 2464 portus,
1393 2397 1477 2443 ac
1526 2377 1731 2444 etiam
1777 2395 1919 2442 non
1965 2375 2274 2442 faciendi
2319 2388 2421 2443 tot
2466 2375 2929 2453 crudelitates,
2994 2386 3163 2463 quot
3223 2374 3419 2441 fecit.
3510 2374 3690 2441 Nam
3752 2372 3923 2440 dicti

247 2478 469 2566 captivi
499 2480 639 2567 ipsi
669 2481 957 2549 Turcho
1005 2482 1436 2563 affirmarunt,
1485 2484 1673 2571 quod
1703 2483 1759 2550 si
1789 2503 1930 2550 non
1959 2495 2261 2550 uteretur
2294 2482 2497 2549 tantis
2530 2481 3064 2562 crudelitatibus,
3098 2481 3288 2569 quod
3313 2481 3460 2570 jam
3491 2491 3703 2547 totam
3730 2477 3929 2565 Apu-

244 2586 396 2650 leam
439 2587 741 2674 adeptus
782 2589 1053 2656 fuisset:
1102 2590 1290 2656 unde
1333 2590 1654 2656 Turchus
1696 2600 2188 2676 preparaverat
2232 2610 2443 2656 naves
2488 2599 3057 2677 quatuorcentum
3088 2587 3456 2653 mittendas
3484 2586 3557 2652 in
3586 2584 3929 2674 Apuleam

248 2712 378 2757 cum
420 2692 883 2780 impositione,
932 2717 1021 2762 ne
1066 2708 1419 2763 uterentur
1466 2695 2002 2774 crudelitatibus,
2048 2696 2175 2762 sed
2220 2693 2479 2760 bellum
2527 2689 2790 2761 faciant
2833 2712 3026 2759 more
3073 2693 3363 2760 Itallic0.

150 2800 210 2861 20
394 2799 545 2866 Hoc
590 2812 914 2888 tempore
957 2802 1274 2891 principij
1325 2801 1606 2890 febrarii
1656 2821 1812 2868 cum
1857 2814 2177 2890 regentes
2221 2813 2469 2869 statum
2513 2800 2897 2868 Mediolani
2941 2799 3371 2885 scripsissent
3413 2797 3751 2867 Allovisio
3782 2798 3919 2866 Be-

248 2905 424 2973 cheto
465 2908 846 2975 secretario
890 2907 1331 2975 illustrissime
1378 2909 1657 2976 domine
1705 2908 1997 2987 ducisse,
2046 2927 2201 2974 com
2248 2929 2333 2974 ea
2378 2907 2692 2974 existenti
2736 2904 3012 2986 Abiate,
3060 2906 3252 2994 quod
3294 2905 3426 2972 iret
3470 2907 3562 2972 ad
3609 2925 3730 2973 eos
3773 2905 3930 2971 Me-

250 3011 583 3093 diolanum,
633 3013 756 3080 hic
804 3016 1147 3082 recusavit
1193 3027 1264 3082 et
1303 3016 1429 3083 ivit
1476 3029 1669 3083 extra
1716 3014 2091 3082 dominium
2137 3013 2436 3094 ducalle,
2500 3013 2591 3081 ob
2652 3013 2843 3101 quod
2903 3011 3071 3079 dicti
3116 3023 3441 3101 regentes
3501 3011 3928 3080 sacomanari

252 3119 538 3187 fecerunt
573 3120 652 3187 in
703 3121 1109 3189 Mediolano
1160 3123 1303 3189 eius
1347 3123 1646 3190 domum.

394 3226 544 3294 Fuit
588 3227 804 3294 etiam
850 3228 988 3295 hoc
1033 3241 1343 3316 tempore
1389 3229 1773 3298 Mediolani
1819 3229 2114 3296 maxima
2158 3228 2306 3295 rixa
2348 3229 2527 3295 inter
2572 3227 2868 3294 famulos
2926 3226 3205 3294 illustris
3268 3226 3528 3293 domini
3585 3225 3929 3294 Ludovici

156 3331 215 3395 25
252 3331 486 3399 Sforcie
533 3346 603 3401 et
651 3334 921 3401 domini
962 3334 1258 3404 Roberti
1290 3359 1376 3404 ex
1409 3336 1666 3404 Sancto
1699 3337 2057 3417 Severino,
2104 3337 2281 3403 inter
2326 3356 2499 3423 quos
2541 3336 2736 3401 multi
2781 3346 2938 3401 sunt
2980 3333 3319 3401 vulnerati
3366 3345 3436 3401 et
3466 3347 3626 3401 octo
3656 3333 3925 3402 mortui.

396 3439 664 3528 Scripte
716 3455 876 3508 sunt
921 3442 1145 3509 littere
1193 3463 1293 3510 ex·
1338 3444 1555 3510 Barro
1617 3443 1956 3522 Parmam,
2005 3443 2323 3531 qualliter
2382 3464 2507 3508 rex
2564 3442 2623 3508 F
2626 3441 3047 3509 erdinandus
3107 3460 3263 3508 com
3323 3460 3576 3529 magno
3624 3441 3931 3509 exercitu

251 3546 406 3614 venit
445 3548 515 3614 in
556 3547 939 3636 Apuleam,
986 3562 1061 3616 ut
1106 3563 1332 3618 castra
1373 3563 1667 3638 poneret
1712 3551 1997 3619 Idronto
2044 3564 2249 3638 capto
2282 3571 2325 3615 a
2351 3548 2654 3616 Turchis
2685 3561 2755 3616 et
2783 3549 2970 3636 ipsos
3003 3548 3379 3635 expeleret.
3469 3548 3561 3616 Et
3591 3567 3747 3615 cum
3778 3549 3934 3615 fue-

243 3665 372 3720 runt
412 3655 497 3721 ad
538 3678 815 3735 manus,
846 3656 1251 3724 interfectus
1296 3659 1428 3725 fuit
1473 3657 1791 3725 dominus
1833 3657 2081 3746 Jullius
2124 3657 2485 3745 primarius
2530 3655 2699 3723 dicti
2742 3656 2926 3744 regis
2973 3668 3042 3721 et
3084 3674 3225 3720 una
3271 3640 3516 3742 quarta
3556 3677 3719 3742 pars
3763 3655 3933 3723 dicti

250 3762 549 3838 exercitus
591 3762 793 3851 reg-is
836 3763 1264 3843 obtruncata,
1308 3764 1635 3853 multique
1684 3765 1887 3831 etiam
1935 3786 2022 3830 ex
2066 3763 2320 3831 Turcis
2361 3764 2658 3851 periere.

155 3864 216 3927 30
394 3868 469 3933 In
509 3882 833 3956 tempore
877 3869 1190 3956 proxime
1239 3870 1430 3937 dicto
1477 3870 1958 3958 applicuerunt
2002 3871 2095 3937 ad
2138 3882 2412 3958 portum
2459 3868 2743 3937 Liburni
2790 3868 3349 3936 Florentinorum
3390 3868 3464 3935 in
3507 3868 3764 3956 riparia
3806 3869 3924 3936 Pi-

247 3991 438 4038 sarum
478 3976 718 4065 gallee
762 3976 976 4066 xxiiij.
1026 3991 1305 4056 armate,
1354 3999 1487 4065 que
1533 3977 1854 4044 dicuntur
1899 3978 2055 4044 fore
2101 3976 2394 4045 Turchi.
2486 3976 2689 4044 Multi
2735 3987 2965 4042 tamen
3009 3987 3266 4055 tenent,
3313 3976 3516 4064 quod·
3547 3976 3680 4042 sint
3721 3974 3931 4057 Affri,

249 4078 367 4145 sive
407 4079 651 4162 Mauri,
711 4078 924 4148 solliti
966 4082 1120 4150 illas
1163 4096 1394 4170 partes
1444 4083 1833 4150 discurrere
1879 4104 2010 4170 pro
2056 4083 2277 4171 preda
2322 4083 2685 4169 capienda.

392 4187 747 4278 Vigesimo
793 4200 1037 4277 quarto
1082 4188 1411 4280 februari-j
1461 4190 1648 4256 venit
1691 4191 2007 4258 Parmam
2038 4190 2354 4257 dominus
2385 4189 2736 4277 Johannes
2767 4187 3184 4279 Avogadrus
3229 4189 3320 4255 de
3365 4187 3770 4256 Mediolano
3800 4208 3931 4276 pro

248 4293 732 4362 refformatione
787 4306 857 4362 et
899 4314 1083 4362 nova
1127 4296 1546 4384 equallantia
1591 4296 1824 4363 extimi
1869 4295 2386 4364 districtualium
2417 4295 2688 4375 Parme,
2723 4297 2813 4363 ad
2845 4317 3050 4383 quam
3082 4315 3237 4363 com
3285 4315 3373 4363 eo
3416 4306 3575 4362 sunt
3622 4295 3932 4383 deputati

82 4440 83 4443 =
162 4392 219 4459 35
254 4411 384 4471 octo
427 4401 628 4481 cives,
676 4402 824 4468 duo
867 4421 997 4488 pro
1042 4402 1313 4492 singula
1356 4402 1675 4491 squadra.

396 4507 517 4574 Die
546 4531 713 4576 xxv.
748 4507 1075 4597 februarii
1112 4531 1200 4576 ex
1228 4509 1631 4577 Mediolano
1662 4510 1979 4577 Parmam
2010 4511 2198 4579 venit
2227 4510 2543 4578 dominus
2572 4510 2932 4579 Nicollaus
2962 4510 3051 4577 de
3086 4507 3403 4599 Corrigia
3446 4509 3624 4576 filius
3656 4509 3934 4578 alterius

256 4612 513 4679 condam
557 4614 827 4681 domini
870 4614 1195 4705 Nicollay
1242 4638 1330 4683 ex
1374 4616 1652 4683 domina
1695 4615 2012 4685 Beatrice
2058 4637 2295 4684 sorore
2329 4617 2525 4684 ducis
2555 4617 2880 4684 Herculis
2924 4615 3345 4683 Ferariensis
3380 4627 3596 4701 nupta
3625 4617 3933 4684 secundo

253 4715 311 4780 in
346 4741 514 4793 nunc
560 4721 919 4808 quondam
964 4722 1299 4789 illustrem
1345 4723 1694 4789 dominum
1739 4725 2133 4791 Tristanum
2180 4723 2532 4792 Sforciam
2596 4724 2811 4790 filium
2871 4724 3252 4790 naturalem
3313 4722 3742 4789 illustrissimi
3806 4724 3932 4791 do-

255 4824 391 4889 mini
431 4828 621 4894 ducis
667 4828 1033 4895 Francisci
1096 4829 1393 4909 St'orcie,
1458 4830 1570 4897 cui
1630 4830 2111 4899 illustrissimus
2156 4832 2475 4898 dominus
2517 4852 2702 4898 nunc
2749 4831 2892 4898 dux
2934 4852 3189 4918 parvus
3233 4829 3622 4898 Mediolani
3669 4831 3930 4898 condo-

166 4927 223 4988 40
255 4930 412 4996 navit
449 4946 747 5001 castrum
794 4935 1184 5024 Castellacij
1232 4935 1703 5004 Alexandriae
1751 4938 2063 5017 diocesis,
2112 4938 2471 5027 ipsumque
2519 4940 2610 5006 de
2656 4937 3205 5005 Vicecomitibus
3251 4937 3534 5015 creavit,
3589 4957 3673 5003 ac
3720 4938 3934 5003 comi-

260 5047 374 5101 tem
415 5039 572 5106 dicti
620 5040 855 5107 castri.
950 5040 1096 5120 Qui
1144 5064 1297 5110 com
1343 5043 1639 5110 maximo
1684 5045 2009 5112 comitatu
2054 5045 2450 5112 officialium
2487 5056 2556 5112 et
2587 5030 2844 5111 civium*
2871 5044 3144 5123 Parme,
3175 5044 3264 5111 de
3293 5042 3621 5111 mandato
3669 5043 3932 5110 ducalli

265 5144 599 5213 associatus
644 5147 786 5214 fuit
829 5147 900 5213 in
943 5148 1194 5215 Parma
1239 5168 1397 5216 com
1440 5148 1723 5217 trombis
1769 5164 1839 5218 et
1881 5151 2172 5238 piffaris,
2236 5150 2729 5240 allogiavitque
2790 5150 2863 5216 in
2923 5151 3130 5219 domo
3189 5149 3525 5239 Johannis
3585 5147 3931 5241 Aldigerij

260 5246 332 5312 de
369 5251 766 5323 cornazano
809 5254 884 5320 in
926 5255 1180 5321 vicinia
1224 5255 1460 5323 Sancti
1504 5256 1840 5345 Johannis
1868 5278 1999 5344 pro
2043 5258 2280 5346 Burgo
2330 5257 2420 5324 de
2467 5258 2725 5325 medio·

401 5355 871 5445 Reperiuntur
916 5362 1051 5428 hoc
1098 5375 1408 5449 tempore
1455 5363 1547 5430 ad
1575 5365 1886 5454 regimen
1917 5361 2152 5432 sta'tus
2181 5364 2571 5431 Mediolani
2600 5364 3145 5453 vigintiquatuor
3177 5364 3569 5456 consiliat-ij,
3600 5363 3935 5431 videlicet

173 5452 231 5517 45
264 5462 675 5546 rescidentes3
729 5480 801 5535 et
845 5468 1161 5557 trigenta,
1209 5468 1607 5538 absentibus
1655 5471 2082 5557 computatis,
2128 5471 2497 5539 videlicet:

410 5570 685 5639 Illustris
733 5574 1051 5642 dominus
1093 5576 1496 5644 Ludovicus
1542 5577 1823 5645 Sforcia
1864 5578 2301 5645 Vicecomes.

416 5676 690 5745 Illustris
735 5679 1059 5746 dominus
1102 5680 1455 5750 Robertus
1500 5686 1593 5750 'ex
1639 5683 1898 5752 Sancto
1945 5684 2302 5752 Severin0.

406 5781 1053 5870 ‘Reverendissimus
1097 5789 1415 5858 dominus
1457 5788 1740 5858 Branda
1782 5792 1872 5859 de
1917 5790 2343 5872 Castilliono,
2392 5792 2760 5879 episcopus
2805 5793 3178 5862 Cumanus.

421 6040 471 6096 6.
500 6046 765 6116 conflata]
800 6046 1057 6102 conflatu
1092 6050 1207 6103 coa.

4076 1434 4230 1486 Μαι..
4260 1434 4346 1478 363

4083 5384 4238 5438 uun„
4270 5383 4357 5427 ³⁶⁶
