4895 7066
334 434 432 509 [A.
474 435 635 494 1477
679 434 967 510 magalo]
1517 422 1629 501 IN
1683 418 2206 501 PARTIBUS
2261 418 2899 501 LOMBARDIE
3981 417 4062 496 ll

1442 576 2032 586 munna—mmo-mnn
2046 577 2056 585 a
2082 576 2548 585 mmm-u·-

334 706 486 758 tum
529 711 670 758 non
716 692 856 759 fuit
902 705 1278 771 servatum,
1326 712 1486 756 nam
1532 690 1760 758 nullus
1804 691 2118 770 restituit,
2167 711 2299 758 nec
2345 689 2787 776 propallavit.
2883 690 3142 757 Sonate
3188 702 3348 756 sunt
3381 689 3597 757 tribus
3629 688 3872 756 diebus
3902 709 4071 756 con·

335 799 553 866 tinuis
598 819 938 886 campane
985 821 1030 865 a
1075 800 1256 865 festo
1304 810 1377 865 et
1421 800 1612 867 facta
1657 810 1815 864 sunt
1859 797 2174 865 fallodia.
2265 798 2356 863 Et
2401 797 2869 864 renuntiatum
2916 810 3019 864 est
3063 798 3221 887 alijs
3265 797 3578 884 pacibus.

524 909 738 974 Facta
789 906 986 973 dicta
1031 925 1209 993 pace
1253 928 1382 993 per
1430 925 1728 972 comune
1775 903 2051 985 Parme,
2098 925 2314 992 opera
2360 904 2564 971 trium
2609 905 3065 992 squadrarum
3113 903 3204 970 de
3249 905 3511 970 havere
3572 904 3885 970 comunis
3946 904 4074 969 do-

337 1014 491 1079 nati
539 1025 701 1079 sunt
746 1012 936 1080 dicto
984 1013 1263 1079 domino
1310 1011 1635 1079 Tristano
1670 1010 1906 1079 ducati
1939 1023 2363 1088 trecentum;
2398 1010 2812 1078 canzellario
2845 1032 2970 1076 suo
3005 1011 3239 1077 ducati
3269 1032 3462 1088 xxv.;
3497 1010 3779 1077 domino
3810 1011 4074 1098 Johan-

237 1116 279 1182 5
341 1120 690 1186 niandree
738 1119 1082 1208 Cagnolle
1126 1119 1373 1186 floreni
1419 1130 1697 1185 centum
1744 1118 1837 1185 ad
1882 1130 2263 1195 monetam3
2312 1118 2433 1205 qui
2480 1118 2731 1185 exinde
2780 1114 3257 1185 Mediolanum
3301 1117 3522 1206 gressi
3566 1130 3744 1184 sunt.

526 1228 664 1294 Hic
713 1226 899 1294 enim
946 1226 1266 1293 dominus
1310 1225 1701 1305 Tristanus,
1747 1236 2120 1313 antequam
2168 1236 2717 1311 consequeretur
2761 1225 2990 1292 dictos
3037 1236 3384 1292 trecentos
3446 1224 3758 1301 ducatos,
3821 1247 3896 1291 se
3959 1224 4064 1290 in-

334 1334 703 1401 firmitavit
747 1333 1138 1401 Mediolani
1183 1334 1484 1421 quadam
1528 1332 1901 1399 incurabili
1947 1331 2338 1399 infirmitate
2371 1345 2463 1412 et,
2496 1343 2568 1397 ut
2602 1332 2864 1398 dictum
2910 1332 3063 1411 fuit,
3110 1331 3294 1398 malo
3327 1331 3546 1398 sancti
3577 1330 3898 1420 Antonij,
3932 1355 4070 1420 quo

336 1440 414 1505 in
482 1441 684 1508 brevi
744 1442 956 1508 vitam
1019 1439 1261 1518 finivit,
1323 1438 1515 1505 nullo
1561 1452 1718 1527 post
1763 1460 1837 1505 se
1888 1438 2174 1505 dimisso
2219 1439 2516 1516 herede;
2567 1438 2962 1527 legavitque
3018 1438 3245 1507 dictos
3307 1438 3594 1505 ducatos
3653 1439 4073 1505 monasterio

336 1548 642 1613 fratrum
688 1547 907 1614 sancti
939 1546 1221 1634 Angelli
1253 1545 1343 1613 de
1377 1546 1827 1623 Mediolan03
1875 1545 2218 1634 reliquum
2253 1544 2398 1610 eius
2430 1532 2862 1623 thexaurum,
2895 1544 3082 1633 quod
3114 1543 3481 1612 dicebatur
3510 1546 3797 1635 grande,
3832 1545 4072 1613 habuit

200 1655 285 1718 10
337 1654 635 1720 domina
666 1655 964 1721 ducissa.
1058 1655 1151 1720 Et
1182 1654 1364 1720 forte
1397 1674 1484 1719 ex
1517 1664 1686 1718 nutu
1731 1652 1970 1719 divino
2019 1653 2321 1720 decessit
2365 1650 2458 1718 ob
2504 1651 2785 1718 iniurias
2828 1673 2960 1739 per
3003 1652 3437 1731 eum,illatas
3467 1651 3756 1731 Rubeis,
3803 1662 3879 1717 ut
3909 1673 4067 1718 nar-

338 1773 573 1827 ratum
626 1773 751 1839 est,
784 1773 1031 1828 contra
1071 1759 1428 1849 justitiam:
1477 1773 1546 1827 et
1590 1760 1646 1825 si
1692 1759 1997 1837 vixisset,
2045 1759 2355 1826 creditur
2398 1757 2625 1845 ipsum
2671 1759 2888 1826 fuisse
2932 1758 3348 1846 participem
3395 1770 3748 1836 tractatus,
3795 1760 3883 1825 de
3931 1779 4070 1847 quo

333 1868 552 1934 infra.
647 1868 731 1934 In
789 1869 930 1935 hoc
992 1868 1275 1934 homine
1335 1867 1548 1934 multa
1606 1888 1766 1953 spes
1826 1868 2068 1934 aderat
2130 1865 2331 1932 trium
2374 1863 2874 1954 squadramm,'
2924 1868 3013 1932 de
3060 1865 3252 1932 cuius
3311 1864 3502 1933 obitu
3558 1865 3847 1931 multum
3924 1866 4054 1931 do·

330 1974 640 2041 luerunt.

520 2082 608 2147 In
652 2083 792 2147 fine
838 2081 1171 2148 antedicti
1218 2080 1473 2148 mensis
1518 2080 1730 2169 madij
1778 2079 1944 2146 anni
1999 2079 2188 2159 1472,
2236 2080 2518 2147 domina
2566 2079 2842 2146 ducissa
2886 2078 3274 2146 Mediolani
3329 2077 3660 2146 credente
3706 2100 3781 2146 se
3827 2078 4073 2166 pacifi-

203 2187 281 2251 15
333 2207 499 2253 cam
547 2185 627 2251 in
670 2198 878 2264 statu,
928 2187 1247 2253 dominus
1291 2186 1647 2254 Robertus
1691 2187 1780 2253 de
1816 2186 2076 2271 Sancto
2110 2185 2468 2265 Severino,
2502 2186 2622 2273 qui
2652 2208 2725 2252 se
2757 2186 3044 2252 multum
3079 2186 3452 2253 extimabat
3484 2198 3552 2253 et
3583 2184 4070 2252 inimicabatur

333 2294 630 2359 domino
676 2294 921 2372 Cicho,
968 2316 1108 2360 una
1152 2313 1310 2360 com
1361 2293 1646 2361 domino
1692 2292 1987 2360 Obiecto
2035 2295 2126 2361 de
2171 2295 2229 2359 F
2232 2293 2428 2372 lisc0,
2476 2293 2600 2382 qui
2649 2305 2801 2360 erat
2845 2293 3234 2361 Mediolani
3280 2314 3437 2360 com
3470 2293 3751 2360 Donato
3784 2292 4071 2360 Comitis

334 2414 406 2466 et
481 2420 647 2466 cum
717 2401 1052 2468 fratribus
1121 2401 1292 2469 dicti
1360 2400 1707 2489 quondam
1779 2401 1982 2468 ducis
2052 2401 2333 2479 Galeaz,
2404 2411 2703 2486 excepto
2771 2402 3052 2467 domino
3123 2402 3181 2468 F
3185 2400 3643 2487 ilippomaria,
3718 2400 4069 2467 ordinavit

332 2507 696 2593 quendam
743 2519 1111 2574 tractatum
1157 2508 1246 2575 de
1296 2506 1689 2574 occidendo
1735 2507 2094 2573 dominam
2143 2507 2486 2573 ducissam
2518 2527 2672 2573 com
2707 2507 2883 2573 natis
2927 2508 3069 2573 suis
3115 2517 3184 2573 et
3229 2507 3582 2574 dominum
3618 2505 3939 2587 Cichum,
3972 2529 4058 2573 ac

335 2616 653 2680 ellevare
687 2615 757 2679 in
791 2614 1184 2701 principem
1230 2614 1585 2681 dominum
1630 2615 2067 2682 Ludovicum
2117 2614 2502 2691 Sforciam3
2541 2625 2610 2678 et
2644 2614 2993 2680 residuum
3039 2613 3327 2700 dominij
3379 2613 3555 2680 inter
3601 2613 3772 2679 alios
3818 2615 4070 2681 fratres

198 2722 286 2784 20
336 2720 705 2798 dividere3
753 2741 838 2787 ac
888 2722 1242 2787 dominum
1314 2720 1683 2788 Obiectum
1755 2720 1906 2786 fieri
1970 2723 2223 2787 ducem
2291 2721 2551 2807 Janue;
2620 2720 2981 2807 ipsumque
3044 2720 3397 2787 dominum
3466 2718 3856 2786 Robertum
3921 2721 4071 2787 fieri

337 2827 712 2893 dominum
756 2827 1007 2894 Parme
1056 2848 1209 2895 com
1256 2828 1513 2894 auxilio
1558 2828 1761 2893 trium
1808 2828 2261 2915 squadramm
2310 2825 2443 2892 sibi
2494 2826 2968 2904 amicantium3
3041 2838 3253 2893 totam
3300 2828 3674 2914 squadram
3745 2827 4068 2894 Rubeam

335 2954 795 2999 sacomanare
861 2946 931 3000 et
995 2933 1342 3021 expellere
1405 2955 1488 3001 ac
1560 2934 1845 3000 domino
1913 2932 2343 3013 Retromarie
2403 2932 2660 3000 Rubeo
2725 2933 3064 3000 fortilicia
3115 2954 3240 3000 sua
3300 2933 3645 3021 accipere.
3738 2934 3831 3000 Et
3894 2953 4066 3019 qua-

334 3041 504 3105 dam
551 3040 665 3107 die
716 3052 922 3126 capta
964 3041 1096 3106 fuit
1140 3053 1340 3126 porta
1385 3041 1625 3109 Tonsa
1681 3040 2089 3118 Mediolani,
2153 3039 2558 3129 levatusque
2606 3041 2739 3106 fuit
2782 3062 3020 3106 rumor
3063 3041 3136 3105 in
3184 3040 3462 3107 civitate
3511 3051 3582 3106 et
3644 3039 4073 3107 clamabatur

352 3146 798 3225 “Ludovic0,
843 3147 1235 3238 Ludovi00,
1281 3147 1623 3226 Ruberto,
1669 3146 1992 3215 Ruberto
2028 3195 2083 3231 „.
2179 3146 2429 3213 Nullus
2477 3158 2708 3212 autem
2753 3147 2925 3213 civis
2971 3146 3123 3225 fuit,
3172 3147 3294 3234 qui
3342 3146 3641 3214 voluerit
3702 3169 3892 3213 arma
3953 3168 4072 3213 ca-

336 3274 545 3341 pere:
599 3254 787 3341 quod
834 3254 1213 3319 sentientes
1258 3254 1577 3320 dominus
1618 3254 2020 3322 Ludovicus
2066 3266 2137 3321 et
2184 3254 2323 3320 dux
2368 3253 2568 3320 Barri
2613 3254 2868 3320 fratres
2914 3265 2982 3320 et
3025 3253 3347 3320 videntes
3391 3253 3567 3318 nihil
3611 3273 3814 3339 posse
3859 3253 4059 3339 profi·

335 3379 525 3438 cere,
572 3359 959 3445 penitentia
1005 3360 1217 3439 ducti,
1265 3371 1712 3426 accesserunt
1756 3360 1832 3426 in
1881 3371 2109 3426 castro
2154 3361 2248 3427 ad
2296 3360 2555 3427 dictam
2604 3359 2953 3426 dominam
3027 3360 3392 3438 ducissam,
3439 3360 3554 3425 cui
3614 3360 3888 3426 veniam
3944 3381 4071 3447 pe-

337 3465 621 3547 tierunt,
690 3466 821 3533 sibi
889 3478 1252 3532 narrantes
1316 3467 1596 3533 modum
1644 3478 1712 3533 et
1755 3479 2223 3553 promotorem
2285 3465 2715 3553 proditionis.
2810 3464 3056 3533 Subito
3117 3466 3383 3533 vocatis
3444 3466 3517 3531 in
3579 3477 3807 3531 castro
3867 3479 4068 3552 porte

333 3574 538 3660 Jovis
602 3574 916 3641 omnibus
983 3574 1399 3665 consiliat-ijs
1446 3574 1648 3641 trium
1722 3575 2187 3654 consiliorum,
2234 3575 2462 3642 silicet
2525 3574 2752 3654 castri,
2815 3574 3070 3641 secreti
3118 3586 3186 3640 et
3226 3573 3504 3661 justitie,
3552 3588 3623 3641 et
3667 3574 3897 3641 multis
3942 3595 4067 3641 no-

337 3679 601 3748 bilibus
670 3683 760 3748 de
827 3680 1128 3760 civitate,
1174 3682 1246 3747 in
1316 3681 1625 3768 publico‘
1662 3681 1882 3747 lectus
1945 3681 2080 3747 fuit
2138 3693 2321 3747 totus
2374 3694 2707 3748 tractatus
2774 3681 3149 3768 predictus,
3221 3680 3862 3769 condemnatusque
3934 3681 4069 3747 fuit

196 3788 287 3850 30
337 3787 568 3854 dictus
616 3789 931 3854 dominus
975 3786 1328 3856 Robertus
1372 3788 1443 3853 in
1488 3788 1958 3874 amputatione
2008 3789 2255 3875 capitis
2300 3800 2370 3855 et
2416 3789 2792 3855 confiscata
2853 3799 3013 3854 sunt
3073 3787 3304 3854 omnia
3347 3808 3474 3854 sua
3519 3787 3731 3866 bona3
3780 3788 3902 3876 qui
3960 3786 4068 3856 id'

334 3895 648 3960 sentiens
692 3896 961 3984 aufugit
1007 3908 1078 3962 et
1124 3895 1434 3962 transivit
1480 3896 1731 3962 multos
1774 3916 2015 3981 passus
2062 3909 2133 3962 et
2178 3906 2439 3983 portus,
2488 3896 2579 3962 ad
2625 3916 2801 3983 quos
2847 3915 3004 3960 cum
3076 3895 3468 3984 attingeret,
3530 3907 3877 3962 transacto
3939 3896 4066 3961 flu-

334 4002 553 4079 mine,
602 4003 808 4069 funes
852 4016 1092 4090 portus
1136 4002 1514 4070 incidebat.
1607 4001 1777 4068 Post
1826 4023 1981 4068 eum
2027 4002 2271 4069 missus
2318 4015 2423 4069 est
2470 4023 2707 4070 comes
2752 4003 3032 4070 Borella
3080 4003 3170 4069 de
3219 4002 3466 4080 Sichis‚
3515 4003 3631 4089 qui
3678 4015 3826 4070 erat
3858 4025 4068 4090 supra

338 4108 679 4175 familiam
727 4110 1048 4177 ducalem
1094 4120 1164 4176 et
1210 4109 1282 4174 in
1326 4109 1574 4175 itinere
1623 4111 1811 4196 cepit
1874 4109 2228 4176 dominum
2277 4109 2669 4188 Obiectum,
2717 4130 2925 4197 quem
2970 4109 3189 4175 missit
3232 4109 3710 4175 Mediolanum
3745 4122 3812 4176 et
3844 4110 3942 4177 ibi
3989 4112 4062 4175 in

336 4236 484 4278 una
528 4217 712 4301 pede
757 4214 928 4281 turis
974 4216 1106 4283 fuit
1150 4215 1473 4282 inclusus.
1566 4216 1808 4282 Dictus
1850 4235 2021 4281 vero
2066 4215 2385 4282 dominus
2430 4215 2788 4283 Robertus
2834 4215 3055 4283 evasit
3109 4235 3267 4281 com
3328 4215 3629 4283 maximo
3690 4217 3932 4283 labore
3994 4227 4065 4282 et

202 4318 287 4384 35
338 4320 632 4407 aplicuit
678 4322 747 4387 in
796 4322 1078 4389 civitate
1123 4321 1299 4402 Asu,
1346 4322 1415 4386 in
1463 4343 1601 4409 qua
1668 4342 1952 4388 securus
2023 4322 2189 4400 fuit3
2262 4335 2495 4389 tamen
2564 4322 2947 4389 custoditus
2990 4345 3032 4387 a
3077 4322 3269 4389 dicto
3326 4322 3574 4388 comite
3627 4322 3911 4389 Borella
3968 4322 4066 4389 ibi

337 4428 657 4513 pluribus
704 4428 949 4495 diebus
996 4428 1242 4495 mansit
1288 4440 1359 4494 et
1403 4450 1544 4494 una
1588 4439 1792 4495 nocte
1839 4429 2230 4495 travestitus
2275 4441 2346 4494 et
2388 4429 2784 4517 incognitus
2830 4428 3143 4495 transivit
3187 4430 3281 4496 ad
3326 4449 3562 4517 regem
3611 4429 4059 4496 Francorum.

338 4536 451 4600 Ea
499 4534 615 4600 die
663 4536 851 4602 dicte
900 4536 1222 4603 novitatis
1293 4547 1534 4622 captus
1604 4535 1735 4602 fuit
1784 4537 2099 4601 Donatus
2146 4537 2234 4601 de
2281 4535 2571 4613 Comite,
2621 4535 2739 4622 qui
2786 4548 2933 4603 erat
2981 4558 3068 4602 ex
3111 4536 3351 4632 primis
3412 4557 3755 4602 armorum
3820 4538 4065 4603 ducto-

338 4641 534 4707 ribus
581 4654 652 4707 et
693 4642 961 4728 positus
991 4642 1127 4708 fuit
1171 4642 1239 4706 in
1287 4642 1494 4708 furno
1538 4641 1914 4708 Modoetie.
2008 4643 2344 4708 Dominus
2388 4621 2797 4710 ottavianus
2844 4642 3147 4721 Sforcia,
3194 4642 3483 4708 aliorum
3544 4643 3841 4709 fratrum
3904 4663 4059 4710 suo-

336 4770 494 4812 rum
541 4748 787 4826 minor,
857 4749 1134 4837 fugiens
1180 4760 1251 4814 et
1296 4750 1540 4815 volens
1608 4761 1848 4815 natare
1917 4748 2172 4816 flumen
2215 4747 2493 4828 Abdue‚
2539 4749 2635 4816 ibi
2680 4771 3027 4815 sumersus
3099 4761 3203 4815 est
3249 4761 3317 4815 et
3364 4749 3512 4815 eius
3573 4751 3880 4816 cadaver
3933 4750 4056 4816 de-

209 4856 293 4918 40
342 4854 563 4920 latum
613 4865 716 4920 est
761 4855 1151 4921 Mediolani
1198 4867 1268 4921 et
1314 4853 1411 4921 ibi
1457 4856 1532 4920 in
1579 4856 1879 4922 ecclesia
1923 4855 2166 4922 maiori
2212 4858 2582 4943 sepultum.
2672 4856 2870 4922 Bona
2934 4855 3106 4922 dicti
3148 4856 3405 4922 Donati
3453 4856 3832 4924 confiscata
3877 4868 4058 4935 sunt,

339 4974 411 5027 et
461 4974 691 5027 castra
735 4962 905 5031 dicti
953 4962 1214 5028 domini
1245 4963 1562 5041 Roberti,
1595 4962 1819 5031 silicet
1851 4963 2302 5043 Collurnium,
2334 4964 2526 5040 Pons
2569 4964 2872 5043 Corone,
2921 4963 3236 5030 Castrum
3285 4984 3540 5029 novum
3585 4964 4063 5043 Terdonense,

337 5069 555 5134 Curie
604 5067 1182 5146 Cavalcabobum,
1231 5090 1387 5136 com
1435 5069 1716 5156 reliquis
1760 5070 1852 5135 ad
1900 5089 2245 5136 cameram
2293 5069 2594 5157 aplicata
2625 5083 2800 5137 sunt.
2892 5070 3205 5137 Castrum
3238 5091 3406 5137 vero
3439 5069 3775 5158 Collurnij
3822 5081 4065 5158 postea

341 5176 682 5242 donatum
751 5176 882 5241 fuit
950 5176 1231 5243 domino
1315 5176 1782 5242 Bartollameo
1851 5176 2156 5257 Calch0,
2225 5176 2600 5243 secretario
2676 5177 2955 5243 domine
3038 5171 3336 5244 ducisse.
3427 5176 3672 5244 Dictus
3741 5177 4064 5243 dominus

336 5282 695 5348 Ascanius
738 5282 1251 5368 protonotarius
1295 5283 1428 5348 fuit
1474 5282 1823 5371 relegatus
1868 5281 2171 5371 Perusij3
2235 5283 2556 5349 dominus
2601 5283 3007 5350 Ludovicus
3051 5282 3264 5361 Pisis;
3314 5283 3631 5350 dominus
3676 5283 3818 5350 dux
3862 5284 4064 5351 Barri

213 5387 291 5453 45
337 5388 411 5454 in
462 5388 717 5455 ducato
779 5409 903 5456 suo
972 5389 1210 5454 Barri:
1276 5390 1368 5455 ad
1428 5409 1564 5476 que
1627 5389 1924 5455 confinia
1992 5389 2474 5469 transiverunt,
2546 5400 2789 5476 euntes
2857 5410 2986 5477 per
3052 5390 3234 5457 viam
3301 5389 3587 5456 Mantue
3634 5402 3705 5457 et
3746 5391 3837 5458 ab
3895 5390 4062 5460 inde

337 5496 529 5561 infra
575 5496 875 5574 Ferarie,
923 5516 1013 5561 ne
1059 5495 1429 5562 transirent
1473 5516 1602 5583 per
1647 5496 1985 5562 Parmam.

515 5603 629 5667 De
677 5603 864 5669 dicto
910 5624 1147 5669 mense
1178 5601 1338 5691 maij
1375 5603 1535 5669 anni
1576 5600 1765 5681 1477,
1810 5601 2265 5670 illustrissima
2309 5605 2594 5672 domina
2638 5593 2914 5672 ducissa
2957 5605 3366 5684 Mediolani,
3412 5617 3487 5672 ut
3519 5604 3784 5674 levaret
3813 5627 3856 5671 a
3885 5605 4062 5673 civi-

332 5720 478 5776 tate
525 5710 781 5776 Parme
827 5709 1187 5776 dominum
1217 5710 1646 5796 Jeronimum
1678 5709 2081 5775 Bernerium
2131 5712 2435 5778 omnium
2482 5711 3101 5790 seditiosissimum,
3133 5712 3356 5799 ipsum
3391 5713 3745 5798 deputavit
3776 5732 3906 5798 pro
3940 5735 4057 5779 ca-

330 5818 622 5904 pitaneo
669 5815 928 5907 justitie
979 5815 1275 5882 civitatis
1317 5813 1736 5882 Mediolani'
1783 5837 1911 5903 pro
1957 5836 2096 5882 uno
2145 5831 2347 5896 anno,
2396 5838 2604 5905 quem
2647 5840 2901 5884 annum
2948 5839 3089 5885 non
3136 5819 3376 5897 finivit,
3424 5819 3586 5906 quia
3631 5831 3945 5905 repertus
3989 5819 4061 5883 in

223 5922 290 5991 50
330 5923 767 6014 baratarrijs,
815 5920 1114 6009 turpiter
1159 5943 1407 6010 capsus
1453 5935 1525 5989 et
1569 5921 1894 6009 expulsus
1941 5922 2077 5989 fuit
2121 5923 2214 5990 ab
2258 5922 2413 6009 ipso
2445 5923 2658 5992 offitio
2704 5936 2775 5991 et
2819 5938 3215 5992 carceratus
3256 5926 3327 5990 in
3375 5937 3603 5992 castro
3650 5923 4058 6006 Mediolani,

198 3256 237 3316 ω

246 3253 285 3315 ut

4207 1887 4366 1935 Μαι..
4395 1888 4486 1929 259

4214 5839 4372 5891 Μαι..
4405 5840 4486 5884 2⁶⁰
