4895 7066
325 475 434 553 [A.
473 479 643 537 1477
687 476 1165 553 lngus-agusto]
1526 466 1637 541 IN
1689 464 2211 541 PARTIBUS
2266 466 2902 543 LOMBARDIE
3975 466 4068 541 13

1131 624 2385 633 -0--0-n-oo—-n»a--0-00m00nun-oae-uununonnu„0.n·--nouu---u-u--u-..nuu-nunna-...000-
2400 625 2864 633 ..oon-nonan<anu-..s---u-uu-u-o-
2879 625 3342 633 nnn.......v.--.-..·.··<.........---·---
3357 625 3365 631 -
3381 625 3608 633 -···›--·0,··.--„..-
3624 624 4077 635 ...ιω--σοκ..ωι.-.--ι.μοοκι-υ-.-

338 733 661 805 dinatum
706 736 847 805 fuit
890 757 1024 826 per
1070 735 1466 807 Galvanum
1512 736 1904 805 Cantellum
1950 735 2025 805 in
2072 736 2281 804 domo
2327 735 2595 805 domini
2630 736 2966 826 Johannis
3012 735 3379 805 Francisci
3408 735 3711 807 Cantelli
3739 758 3868 823 per
3901 756 4077 804 non-

338 841 582 909 nullos
626 842 977 925 bannitos,
1026 864 1203 932 quos
1247 842 1553 913 habebat
1595 843 1673 909 in
1718 843 1953 923 domo,
2000 843 2236 912 occidi
2283 842 2598 911 faciendi
2645 842 3029 912 Antonium
3078 844 3167 911 de
3214 843 3517 913 Clericis
3582 842 3926 913 notarium
3987 843 4077 910 de

334 949 660 1037 squadra
703 950 962 1019 Rubea
1010 963 1083 1018 et
1128 971 1213 1018 eo
1259 962 1534 1019 mortuo
1581 950 1860 1019 levandi
1908 948 2257 1018 civitatem
2291 950 2361 1017 in
2395 951 2603 1017 armis
2635 964 2708 1019 et
2736 950 3136 1019 trucidandi
3170 950 3435 1018 dictum
3467 949 3823 1021 dominum
3853 949 4078 1017 Bran-

336 1054 556 1135 dam;
617 1071 869 1144 postea
930 1059 1290 1128 residuum
1336 1058 1745 1126 Rubeorum
1804 1059 2325 1137 sacomanandi,
2388 1059 2712 1126 timentes
2773 1058 2920 1147 ipse
2981 1070 3125 1127 tres
3182 1058 3503 1149 squadre,
3564 1069 3772 1146 prout
3831 1068 4074 1147 postea

238 1159 279 1225 5
336 1163 610 1243 evenit,
660 1184 751 1231 ne
795 1165 947 1251 ipse
993 1165 1314 1233 dominus
1356 1164 1639 1233 Branda
1682 1184 1758 1233 se
1804 1164 2219 1233 informaret
2264 1176 2337 1231 et
2380 1166 2562 1231 male
2608 1165 2696 1233 de
2745 1164 2844 1232 eis
2891 1164 3171 1232 domine
3217 1163 3491 1233 ducisse
3554 1164 3874 1243 referret,
3937 1174 4076 1230 tam

337 1271 548 1357 quod
596 1271 860 1339 dictum
905 1291 1351 1339 sacomanum
1397 1284 1644 1359 sponte
1689 1283 1758 1340 et
1803 1270 2105 1360 maligne
2152 1271 2510 1350 fecissent,
2559 1292 2762 1360 quam
2810 1271 3002 1359 quod
3059 1282 3306 1338 contra
3366 1282 3618 1340 statum
3681 1266 4075 1336 machinas—

336 1388 528 1446 sent.
623 1377 929 1466 Unoque
975 1399 1135 1445 sero
1182 1377 1299 1448 die
1345 1378 1569 1449 sabati
1617 1391 1866 1467 quarta
1912 1377 2087 1445 dicti
2134 1378 2390 1444 mensis
2433 1377 2607 1469 jullij
2654 1390 2725 1444 et
2769 1398 2909 1467 quo
2972 1376 3163 1447 dicte
3224 1375 3811 1464 proclamationes
3871 1376 4074 1443 resti-

342 1484 648 1551 tutionis
694 1485 883 1552 facte
947 1486 1247 1566 fuerant,
1312 1486 1502 1553 circa
1561 1484 1853 1572 primam
1900 1485 2263 1575 guardiam
2311 1485 2537 1552 noctis
2583 1496 2792 1553 eunte
2839 1485 2994 1571 ipso
3042 1484 3330 1552 domino
3392 1484 3675 1551 Branda
3733 1504 3780 1549 a
3829 1482 4076 1570 plateis

342 1591 443 1660 ad
492 1592 747 1660 domos
788 1590 1428 1672 Arcimboldorum,
1473 1591 1594 1660 ubi
1641 1591 2018 1679 allogiabat
2063 1604 2133 1661 et
2176 1602 2337 1680 post
2380 1611 2539 1659 eum
2582 1591 2969 1659 accedente
3015 1612 3144 1678 per
3211 1589 3564 1658 modicum
3609 1590 3807 1657 dicto
3851 1586 4076 1656 Anto-

221 1698 297 1763 10
345 1697 468 1766 nio
517 1698 824 1779 Clerico,
875 1719 1033 1765 cum
1081 1699 1215 1767 fuit
1259 1718 1481 1785 prope
1530 1698 1901 1765 ecclesiam
1946 1698 2171 1766 sancti
2219 1697 2356 1765 Siri
2402 1718 2643 1766 versus
2686 1696 2869 1764 viam
2915 1696 3201 1789 hospitij
3252 1697 3547 1786 capelli,
3593 1696 3910 1792 nonnulli
3965 1716 4075 1763 sa-

344 1805 586 1872 telites
634 1806 807 1872 dicti
856 1806 1126 1872 domini
1170 1805 1506 1894 Johannis
1576 1807 1635 1873 F
1635 1804 1940 1873 rancisci
1987 1804 2290 1873 Cantelli
2335 1804 2716 1895 evaginatis
2758 1802 3039 1871 ensibus
3096 1804 3619 1883 insultaverunt,
3664 1803 4076 1870 vulnerave-

342 1923 512 1977 runt
559 1923 651 1978 et·
675 1911 869 1979 illico
916 1923 1396 1979 mactaverunt
1443 1911 1706 1979 dictum
1752 1910 2140 1978 Antonium
2186 1911 2559 1980 Clericum.
2654 1909 2870 1989 Quod
2920 1931 3078 1979 cum
3112 1910 3396 1979 domino
3424 1910 3736 2000 Johanni
3765 1906 4076 1977 Antonio

345 2017 440 2085 de
488 2018 917 2105 Sparavaria
962 2019 1054 2086 de
1098 2017 1320 2105 Papia
1362 2019 1683 2105 potestati
1731 2030 1895 2086 tunc
1939 2016 2190 2085 Parme
2237 2018 2627 2085 nuntiatum
2674 2030 2873 2098 esset,
2905 2018 3056 2106 ipse
3101 2016 3293 2084 illico
3338 2017 3557 2085 missit
3599 2016 3740 2084 huc
3786 2015 4074 2083 militem

345 2136 419 2190 et
464 2125 805 2191 familiam
850 2146 1066 2205 suam,
1115 2125 1233 2212 qui
1278 2126 1475 2192 miles
1520 2137 1803 2213 reperto
1848 2126 2151 2213 quodam
2196 2123 2551 2193 homicida
2612 2126 2703 2193 de
2749 2124 3044 2191 Bersillo
3106 2143 3193 2191 ex
3254 2122 3662 2193 satellitibus
3719 2122 4078 2213 predictis,

220 2229 295 2295 15
345 2232 582 2318 ipsum
625 2232 703 2297 in
752 2252 928 2299 coxa
972 2231 1367 2299 vulneravit
1413 2244 1484 2299 et
1532 2231 1763 2299 levato
1809 2252 2084 2299 rumore
2127 2244 2288 2320 post
2334 2231 2557 2320 ipsum
2589 2232 2876 2299 militem
2908 2243 2980 2298 et
3008 2228 3343 2298 familiam
3373 2230 3753 2318 potestatis,
3784 2229 4080 2320 aufuge-
4136 2258 4149 2270 ·

343 2348 510 2403 runt
558 2350 632 2406 et
677 2358 752 2405 se
797 2339 870 2403 in
915 2337 1202 2425 pallatio
1248 2337 1422 2405 dicti
1467 2337 1854 2426 potestatis,
1902 2337 2155 2405 clausis
2181 2336 2429 2425 januis,
2461 2339 2909 2406 reduxerunt.
2999 2337 3244 2406 Dictus
3275 2349 3499 2404 autem
3533 2336 3907 2415 Gslvanus,
3952 2334 4074 2426 qui

342 2446 572 2513 verba
618 2446 1055 2513 contentiosa
1098 2445 1439 2513 habuerat
1486 2465 1642 2512 com
1689 2445 1878 2512 dicto
1923 2457 2286 2534 potestate,
2332 2457 2713 2533 propterea
2756 2444 2944 2533 quod
2978 2445 3048 2511 in
3080 2444 3492 2512 executione
3539 2443 3915 2510 litterarum
3946 2442 4075 2509 du·

345 2552 609 2617 calium
658 2551 785 2618 sibi
830 2553 1304 2631 mandaverat,
1350 2552 1541 2642 quod
1586 2552 1719 2619 iret
1777 2551 2263 2619 Mediolanum
2312 2563 2383 2619 et
2434 2572 2683 2639 parere
2753 2551 3116 2631 nolluerat,
3163 2550 3478 2618 adunatis
3521 2550 3754 2617 multis
3797 2547 4080 2619 armatis

347 2672 420 2726 et
450 2660 797 2746 capistris,
828 2659 1043 2725 missit
1071 2660 1296 2727 noctis
1325 2671 1639 2746 tempore
1670 2660 1761 2725 ad
1790 2659 2145 2753 pallatium
2178 2660 2561 2745 potestatis,
2593 2658 2710 2746 qni
2745 2679 2899 2726 com
2932 2659 3165 2726 scallis
3207 2680 3336 2745 per
3379 2670 3604 2726 tectos
3649 2657 4080 2723 intraverunt

220 2769 300 2830 20
347 2766 621 2833 dictum
666 2766 1024 2853 pallatium
1073 2778 1144 2833 et
1187 2777 1423 2853 portas
1469 2786 1626 2833 com
1687 2765 1972 2834 trahetis
2034 2765 2460 2834 deiecerunt.
2554 2765 2885 2855 Undique
2937 2766 3127 2833 enim
3186 2778 3431 2855 gentes
3490 2776 3752 2832 armate
3816 2781 4073 2829 concu-

348 2872 625 2939 rebant.
719 2874 1040 2940 Potestas
1086 2884 1316 2939 autem
1361 2893 1518 2941 com
1562 2892 1799 2953 uxore,
1846 2872 2005 2963 filijs
2053 2884 2123 2939 et
2168 2884 2315 2940 tota
2344 2871 2616 2939 familia
2659 2895 2785 2940 sua
2830 2894 2905 2939 se
2953 2872 3229 2939 reduxit
3272 2871 3526 2960 partim
3585 2871 3658 2936 in
3703 2868 3902 2937 turri'
3950 2889 4071 2935 co-

346 2981 600 3060 munis,
648 2981 900 3068 partim
946 3001 1153 3066 super
1198 2981 1423 3046 tectis.
1515 2979 1713 3047 Bona
1772 3000 1898 3045 sua
1957 2981 2242 3047 fuerunt
2300 2990 2744 3047 sacomanata
2789 2991 2860 3045 et
2902 2978 3019 3045 vix
3064 2979 3214 3066 ipse
3282 2978 3492 3046 vitam
3547 2977 3784 3045 evasit.
3876 2978 4076 3047 Unus

350 3099 585 3154 tamen
633 3087 935 3153 famulus
978 3107 1139 3153 suus
1184 3100 1488 3155 mortuus
1532 3086 1684 3154 fnit.
1780 3086 1923 3153 Sed
1996 3087 2305 3175 quidam,
2373 3087 2582 3172 pauci
2653 3080 2938 3165 tamen,‘
2980 3085 3172 3153 cives
3217 3087 3308 3154 de
3354 3085 3573 3153 tribus
3641 3084 3960 3173 squadris
4004 3106 4078 3154 se

352 3193 929 3272 intromisserunt,
974 3214 1065 3257 ne
1113 3212 1453 3280 campana
1499 3204 1779 3260 sonaret
1824 3204 1895 3261 et
1942 3214 2032 3259 ne
2077 3193 2296 3260 maior
2340 3193 2616 3260 novitas
2660 3191 3116 3281 sequeretur.'
3205 3192 3628 3261 Extimatum
3690 3192 3826 3261 fuit
3886 3193 4070 3261 enim

224 3298 303 3366 25
349 3299 444 3365 ad
492 3299 633 3365 hoc
682 3298 1086 3365 concurisse
1133 3299 1319 3366 forte
1363 3298 1669 3390 quinque
1718 3310 1994 3367 centum
2037 3319 2371 3388 personas
2415 3311 2743 3377 armatas3
2793 3312 2863 3366 et
2909 3299 3146 3387 plures
3191 3299 3576 3380 affuissent,
3610 3321 3693 3367 ac
3727 3311 3873 3367 tota
3904 3299 4077 3368 civi-

351 3419 459 3471 tas
505 3406 752 3471 fuisset
794 3404 869 3470 in
916 3406 1143 3485 armis,
1189 3405 1322 3471 nisi
1367 3405 1558 3493 quod
1604 3407 1768 3473 dum
1813 3405 2325 3493 requioerentur
2369 3406 2567 3473 multi
2614 3404 2984 3493 caporales
3041 3406 3133 3474 ad
3178 3405 3338 3485 hoc,
3385 3406 3783 3473 nolluerunt
3843 3426 4079 3475 assen-

350 3511 509 3592 tire,
554 3513 873 3580 videntes
917 3523 1168 3579 statum
1214 3511 1486 3579 firmum
1535 3523 1605 3581 et
1650 3511 1813 3601 quia
1854 3512 2024 3606 jussi
2068 3513 2354 3581 fuerant
2397 3513 2499 3580 ire
2547 3512 3031 3581 Mediolanum
3077 3524 3146 3580 et
3190 3513 3580 3581 nolluerant
3625 3512 3941 3593 obedire,
3989 3512 4072 3579 ti-

348 3620 775 3710 mebantque
841 3620 1173 3711 justitiam
1239 3641 1369 3709 pro
1439 3621 1561 3700 eis,
1629 3641 1765 3709 que
1834 3621 2172 3688 hactenus
2240 3621 2763 3689 commisserant
2777 3645 2797 3699 3
2863 3620 3102 3711 sicque
3164 3641 3406 3692 omnes
3450 3620 3542 3689 ad
3585 3622 3869 3710 propria
3918 3632 4079 3687 sunt

347 3728 640 3796 reversi.

227 3837 308 3904 30
533 3836 668 3902 Die
714 3836 933 3903 altera
980 3836 1232 3906 exinde
1278 3848 1544 3924 sequta,
1591 3860 1668 3904 re
1717 3835 2092 3915 intellecta,
2139 3847 2314 3906 totta
2361 3836 2606 3904 civitas
2649 3837 2874 3905 stabat
2918 3838 2994 3902 in
3041 3849 3340 3916 terrore3
3373 3837 3727 3926 multique,
3785 3837 3904 3926 qui
3936 3839 4077 3929 jam

348 3943 709 4010 redierant
752 3964 839 4008 ex
882 3942 1174 4022 Rubeis,
1220 3942 1587 4010 credentes
1632 3965 1706 4009 se
1754 3955 1967 4012 tuttos
2001 3944 2092 4018 ob
2122 3964 2371 4032 pacem
2416 3946 2678 4012 factam
2712 3955 2781 4014 et
2814 3964 2966 4012 eam
3014 3957 3383 4012 cernentes
3425 3944 3772 4025 violatam,
3805 3965 4077 4011 omnes-

349 4071 489 4137 que
560 4050 1007 4128 sacomanati,
1061 4049 1183 4137 qui
1244 4063 1580 4118 venerant
1640 4051 1734 4117 ad
1797 4049 2150 4119 dominum
2208 4050 2560 4117 Brandam
2619 4071 2749 4138 pro
2814 4051 3315 4118 consecutione
3378 4051 3753 4129 sacomam,
3808 4051 4074 4120 reversi

348 4167 517 4221 sunt
561 4154 708 4221 sine
754 4175 949 4223 mora
995 4167 1191 4222 extra
1233 4155 1590 4223 civitatem
1636 4176 1876 4224 versus
1921 4167 2193 4224 montes
2238 4156 2308 4222 in
2353 4156 2665 4244 partibus
2708 4155 2997 4225 Rubeis.
3090 4153 3308 4233 Quod
3339 4177 3497 4223 cum
3528 4157 3908 4224 nuntiatum
3940 4156 4078 4223 fuit

350 4261 638 4329 domine
682 4261 979 4341 ducisse,
1024 4262 1175 4349 ipsa
1218 4261 1439 4330 missit
1481 4262 1799 4329 Parmam
1851 4263 2204 4330 dominum
2250 4262 2648 4330 Nicollaum
2695 4264 2786 4332 de
2832 4263 3256 4342 Tollentino,
3300 4283 3512 4330 unum
3545 4284 3633 4331 ex
3661 4263 3801 4330 suis
3847 4264 4077 4330 consi-

225 4369 301 4435 35
350 4369 589 4457 liarijs,
639 4368 756 4457 qui
802 4368 1045 4436 habita
1090 4369 1582 4438 informatione
1628 4371 1936 4438 veritatis
1980 4370 2083 4435 rei
2129 4370 2451 4458 predicte
2501 4382 2570 4437 et
2614 4371 2854 4440 ortatis
2918 4370 3191 4440 civibus
3253 4372 3344 4437 ad
3407 4370 3583 4439 bene
3648 4383 3717 4438 et
3774 4370 4075 4459 pacifice

350 4476 750 4555 vivendum,
796 4476 1008 4566 redijt
1050 4474 1553 4555 Mediolanum,
1600 4478 1971 4565 retulitque
2037 4477 2311 4546 domine
2372 4477 2649 4546 ducisse
2711 4477 2911 4544 huius
2971 4478 3297 4546 novitatis
3357 4498 3639 4548 cansam
3700 4490 3770 4546 et
3830 4489 4075 4548 aucto-

353 4604 529 4660 rem,
576 4602 659 4648 ac
705 4581 1081 4649 discrimen
1129 4594 1196 4649 et
1239 4581 1653 4670 periculum,
1700 4584 1773 4648 in
1818 4583 2069 4671 quibus
2115 4582 2364 4649 Parma
2407 4582 2834 4663 versabatur,
2881 4604 2963 4650 ac
3010 4584 3338 4650 damnum
3389 4584 3797 4654 intratarum
3845 4602 4078 4651 came-

350 4709 452 4756 re.
547 4689 709 4769 Que
755 4689 1038 4758 domina
1084 4689 1360 4757 ducissa
1400 4690 1592 4777 cepit
1639 4690 1972 4779 cogitare,
2018 4703 2094 4756 ut
2153 4690 2556 4778 provideret
2618 4693 2708 4761 de
2766 4709 2909 4757 uno
2971 4691 3124 4760 viro
3184 4694 3369 4781 justo
3429 4711 3560 4779 pro
3613 4691 4074 4782 gubernatore

350 4797 630 4874 Parme,
692 4797 811 4883 qui
865 4796 1204 4885 justitiam
1255 4798 1535 4864 faceret
1579 4809 1649 4863 et
1693 4798 2030 4884 pessimos
2076 4818 2159 4864 ac
2205 4797 2387 4865 male
2431 4798 2854 4886 compositos
2897 4798 3084 4865 viros
3143 4799 3444 4885 puniret,
3491 4810 3847 4886 totamque
3891 4798 4076 4864 hanc

225 4906 307 4969 40
352 4902 773 4989 provintiam
819 4915 1180 4992 purgaret3
1227 4904 1580 4991 missitque
1610 4904 1682 4970 in
1717 4904 2002 4972 civitate
2046 4903 2393 4976 Anchone
2438 4927 2569 4994 pro
2615 4906 2987 4996 magnifico
3020 4918 3090 4974 et
3119 4906 3499 4993 splendido
3529 4907 3748 4974 milite
3794 4905 4076 4974 domino

350 5010 623 5097 Jacobo
668 5009 1063 5088 Bonarello,
1108 5021 1185 5076 ut
1228 5010 1421 5079 illum
1467 5010 1633 5079 huic
1678 5011 1832 5079 urbi
1878 5012 2129 5080 Parme
2176 5013 2574 5100 preficeret,
2621 5013 2738 5100 qui
2785 5013 2998 5093 venit,
3046 5025 3124 5081 ut
3166 5013 3281 5081 hic
3327 5014 3516 5083 infra
3560 5012 3854 5081 dicetur.

535 5113 903 5183 Prefactns
973 5116 1292 5184 dominus
1358 5116 1712 5205 Johannes
1778 5116 2128 5184 Antonius
2196 5118 2608 5206 Sparavera,
2662 5118 2915 5188 Parme
2987 5131 3316 5207 potestas,
3379 5118 3470 5187 ob
3540 5119 3686 5186 eius
3753 5118 4078 5186 insultum

351 5222 751 5311 predictum
810 5223 1080 5302 timens,
1141 5244 1274 5290 nec
1336 5226 1578 5292 valens
1620 5224 1947 5313 justitiam
1992 5226 2313 5304 reddere,
2362 5225 2683 5294 discessit
2724 5249 2766 5292 a
2811 5226 3067 5294 Parma
3113 5246 3269 5294 com
3315 5238 3461 5295 tota
3505 5225 3772 5294 familia
3827 5247 3953 5294 sua
4014 5238 4084 5295 et

348 5332 424 5395 in
471 5329 628 5396 eins
669 5330 902 5396 locum
949 5330 1316 5416 deputatus
1361 5342 1466 5397 est
1510 5350 1742 5397 comes
1785 5330 2116 5418 Albertus
2158 5331 2535 5399 Brusculus
2580 5332 2670 5399 de
2715 5332 3033 5401 Bononia
3085 5354 3215 5420 pro
3246 5342 3612 5420 potestate,
3645 5332 3766 5422 qui
3795 5332 4082 5404 intravit

220 5436 300 5503 45
351 5435 655 5502 officium
701 5434 913 5522 ipsius
956 5436 1328 5523 potestarie
1372 5436 1897 5524 quintodecimo
1943 5439 2218 5527 augusti
2266 5439 2439 5508 dicti
2500 5439 2660 5505 anni
2734 5437 2923 5511 1477.
3016 5440 3148 5508 Hic
3213 5439 3395 5508 enim
3457 5459 3691 5507 comes
3750 5439 4082 5507 Albertus

352 5546 585 5611 fuerat
629 5554 934 5630 potestas
994 5542 1243 5610 Parme
1304 5542 1615 5632 pluribus
1660 5545 1860 5612 annis
1904 5556 2218 5631 tempore
2282 5544 2482 5613 ducis
2543 5546 2807 5613 Galeaz
2871 5558 2943 5614 et
3004 5547 3235 5614 adhuc
3297 5548 3592 5618 durante
3651 5548 3797 5614 eius
3857 5547 4071 5614 offitio

348 5651 501 5737 ipse
548 5649 695 5718 dux
739 5648 967 5734 ipsum
1016 5647 1367 5717 levaverat
1412 5649 1502 5717 ab
1550 5651 1759 5717 offitio
1805 5651 1896 5718 ob
1943 5651 2280 5718 nonnulla
2323 5651 2551 5721 eidem
2615 5652 2938 5740 ascripta,
2985 5654 3079 5720 ad
3127 5653 3316 5742 quod
3362 5654 3715 5722 restitutus
3760 5653 3893 5722 fuit
3949 5674 4081 5748 per

347 5756 705 5826 dominam
751 5754 1117 5835 ducissam,
1161 5768 1239 5823 ut
1283 5754 1410 5824 sibi
1456 5756 1927 5826 Bononienses
1974 5758 2336 5826 amicaret.

519 5995 610 6051 32.
644 5977 965 6047 sacomam]
1002 5982 1359 6034 sacomanatl
1395 5983 1510 6034 cod.

4219 2891 4270 2932 M
4280 2903 4382 2942 υκ..
4419 2891 4500 2933 2⁶2
