4895 7066
392 3690 549 3739 Mun..
582 3692 660 3732 269

835 521 921 596 18
2123 522 2603 598 CRONICA
2665 525 3247 599 GESTORUM
3563 536 3668 608 [A.
3699 539 3863 594 1477
3903 530 4559 598 ottobre-novembre}

814 801 951 867 tori
996 802 1296 889 quodam
1366 803 1738 870 summario
1784 811 1855 870 et
1916 801 2306 870 nominibus
2364 804 2981 871 sacomanantium.
3076 803 3217 882 Qui
3279 801 3696 892 gubernator
3756 800 3965 867 factis
4025 799 4255 865 multis
4316 793 4556 865 cridis

808 926 938 993 pro
986 909 1176 975 dicta
1217 909 1646 976 restitutione
1680 898 1750 975 et
1779 908 1873 975 ad
1903 932 1976 976 se
2008 912 2297 990 vocatis,
2330 931 2413 977 ac
2447 909 2815 997 detemptis
2850 910 3084 977 multis
3116 933 3202 977 ex
3233 907 3691 987 robatoribuS,
3723 908 3969 974 videns
3999 928 4138 973 non
4171 905 4558 993 proficere,

816 1032 946 1079 nec
993 1014 1148 1081 fore
1192 1015 1519 1101 possibile
1565 1016 1713 1082 talli
1756 1017 1966 1083 modo
2014 1017 2284 1084 restitui
2334 1016 2488 1103 ipsa
2532 1016 2738 1096 bona,
2787 1017 3134 1085 recusavit
3178 1017 3316 1084 hoc
3352 1039 3526 1083 onus
3573 1027 3643 1082 et
3685 1010 4030 1101 persuasit
4075 1010 4551 1078 illustrissime

811 1119 1091 1186 domine
1152 1133 1406 1201 nostre,
1461 1122 1652 1210 quod
1721 1134 2039 1190 auctores
2106 1123 2282 1189 dicti
2351 1124 2708 1191 sacomani
2780 1135 3174 1191 artarentur
3232 1124 3327 1190 ad
3388 1123 3802 1190 solutionem
3864 1118 4317 1196 sacomanati,
4383 1129 4558 1183 tan-

811 1246 1017 1312 quam
1066 1226 1152 1293 de
1196 1229 1351 1316 jure
1398 1227 1714 1316 obligati.
1810 1229 2022 1296 Unde
2055 1229 2338 1297 domina
2369 1230 2653 1297 ducissa
2695 1250 2820 1316 per
2851 1251 3008 1296 suas
3038 1251 3244 1295 manu
3276 1229 3561 1316 propria
3591 1226 4016 1312 subscriptas
4044 1225 4316 1291 litteras
4347 1242 4561 1289 com-
4655 1214 4695 1282 5

809 1331 1023 1398 missit
1068 1332 1258 1399 dicto
1305 1332 1590 1401 domino
1638 1331 1941 1414 Brande‚
1992 1336 2184 1422 quod
2229 1336 2503 1404 videret
2549 1348 2620 1403 et
2665 1336 2846 1403 bene
2892 1336 3339 1414 examinaret,
3387 1335 3508 1423 qui
3555 1335 3787 1401 forent
3832 1332 4121 1420 obligati
4153 1331 4246 1398 ad
4278 1331 4557 1396 dictam

810 1438 1334 1507 restitutionem.
1424 1442 1681 1509 Postea
1718 1442 2038 1530 juditium
2083 1463 2277 1508 suum
2349 1444 2764 1510 excellentie
2808 1465 2927 1509 sue
2989 1444 3281 1509 refferet
3336 1443 3527 1508 infra
3570 1461 3901 1507 mensem.
3993 1439 4343 1519 Quoniam
4388 1436 4558 1521 ipsa

812 1545 1095 1612 domina
1140 1547 1418 1614 ducissa
1483 1547 1894 1616 intendebat
1962 1549 2334 1617 observare
2383 1549 2849 1618 sacomanatis
2891 1550 2988 1630 id,
3036 1551 3228 1639 quod
3276 1549 3381 1615 eis
3442 1549 3885 1637 promisserat
3928 1569 4057 1635 pro
4103 1543 4558 1613 restitutione

813 1661 885 1717 et
934 1650 1207 1740 integra
1251 1655 1731 1723 satisfactione
1777 1656 1877 1723 eis
1919 1657 2153 1724 fienda
2197 1656 2537 1724 bonorum
2584 1669 3207 1736 sacomanatorum,
3252 1669 3331 1723 ut
3376 1655 3691 1742 superius
3736 1654 3998 1721 dictum
4042 1664 4166 1719 est.

987 1758 1252 1826 Ultima
1299 1762 1413 1828 die
1461 1761 1737 1829 veneris
1785 1762 2088 1830 octobris
2135 1763 2308 1831 dicti
2356 1765 2521 1829 anni
2575 1761 2739 1834 1477
2790 1763 3233 1830 Turchorum
3282 1763 3579 1829 maxima
3621 1760 3824 1828 turba
3869 1773 3940 1827 et
3983 1779 4310 1826 numerus
4354 1759 4554 1822 forte
4615 1754 4700 1817 lo

810 1863 1110 1952 trigenta
1154 1867 1445 1934 millium
1493 1869 1799 1957 equitum
1846 1890 2003 1936 com
2052 1870 2351 1936 maximo
2396 1871 2661 1956 impetu
2708 1869 2997 1937 transitu
3046 1871 3235 1937 facto
3281 1891 3413 1956 per
3458 1867 3900 1936 Sclavoniam
3947 1888 4035 1933 ex
4080 1863 4375 1932 Bossnia
4420 1863 4555 1928 de-

812 1972 1233 2039 scenderunt
1263 1973 1332 2039 in
1365 1975 1791 2066 Forumjulij,
1824 1977 2054 2062 spatio
2088 1977 2354 2043 dierum
2388 1977 2592 2042 trium
2626 1989 2698 2043 et
2728 1975 3018 2044 totidem
3051 1988 3401 2054 noctuum,
3433 1986 4036 2062 perveneruntque
4069 1992 4287 2059 usque
4318 1989 4551 2057 prope

811 2077 1161 2146 civitatem
1206 2081 1456 2148 Utine:
1503 2084 1592 2149 de
1623 2103 1762 2170 quo
1794 2083 2097 2150 adventu
2126 2083 2384 2169 previsi
2414 2083 2674 2150 Veneti
2704 2083 2983 2150 obviam
3017 2095 3088 2151 et
3119 2083 3210 2150 ad
3239 2082 3637 2170 oppositum
3670 2080 4042 2147 misserunt
4072 2076 4546 2166 quammultos

819 2203 1165 2251 armorum
1211 2188 1683 2255 ferocissimos
1727 2201 1797 2257 et
1841 2189 2014 2256 belli
2083 2200 2406 2276 expertos
2452 2190 2660 2270 viros,
2725 2210 2897 2278 quos
2960 2211 3217 2268 omnes,
3267 2189 3584 2275 exceptis
3633 2186 3922 2266 duobus,
3983 2183 4247 2251 silicet·
4307 2183 4553 2269 provi-

812 2311 971 2356 sore
1016 2291 1293 2361 Veneto
1339 2307 1409 2361 et
1452 2296 1758 2383 quodam
1805 2296 1941 2362 alio
1988 2317 2334 2363 armorum
2379 2297 2672 2363 ductore
2719 2297 2853 2382 ipsi
2900 2296 3172 2363 Turchi
3220 2307 3578 2382 ceperunt,
3613 2294 4028 2362 occiderunt
4070 2303 4141 2358 et
4184 2291 4259 2356 in
4306 2288 4550 2376 regio-
4611 2284 4692 2350 15

816 2395 1016 2462 nibus
1061 2400 1197 2464 suis
1241 2401 1688 2468 adduxerunt
1733 2413 1802 2468 et
1846 2402 2057 2488 pauci
2102 2402 2318 2468 vitam
2365 2413 2804 2482 evasuerunt,
2849 2402 3151 2469 maxime
3195 2403 3554 2491 Johannes
3603 2399 3951 2478 Quillicus
3999 2400 4090 2465 de
4123 2397 4385 2465 Sancto
4419 2395 4551 2460 Vi-

812 2502 984 2583 talli,
1031 2505 1149 2592 qui
1197 2526 1355 2571 cum
1400 2520 1582 2575 esset
1628 2509 1719 2574 ad
1769 2508 2155 2576 custodiam
2202 2509 2381 2575 certi
2428 2508 2753 2575 tutissimi
2800 2529 3061 2595 passus,
3109 2509 3407 2576 sentiens
3452 2508 3785 2594 impetum
3831 2517 3903 2573 et
3948 2507 4324 2572 adventum
4358 2502 4548 2567 Tur-

718 2660 722 2665 .
821 2631 1061 2676 corum
1108 2612 1401 2700 aufugit,
1449 2613 1737 2682 dimisso
1785 2616 1940 2701 ipso
1986 2637 2193 2702 passu
2237 2616 2663 2683 incustodito
2710 2636 2867 2682 corn
2911 2615 3213 2681 maximo
3244 2635 3369 2681 suo
3403 2615 3750 2681 dedecore
3784 2624 3854 2680 et
3885 2622 4262 2699 propterea
4293 2627 4550 2695 capsus

813 2836 882 2889 et
927 2824 1127 2890 multi
1173 2825 1287 2913 alij
1338 2827 1748 2917 squadrerij.
1846 2827 2009 2906 Qua
2053 2829 2352 2896 victoria
2397 2828 2640 2895 habita
2685 2828 2774 2895 ab
2822 2829 2991 2915 ipsis
3043 2828 3369 2907 Turchis,
3401 2827 3536 2915 ipsi
3580 2825 3853 2892 Turchi
3898 2824 4274 2890 inmediate
4321 2833 4546 2889 totam
4600 2821 4693 2883 20

818 2930 1009 2995 illam
1053 2932 1469 3017 provintiam
1515 2934 2011 3013 discurrerunt,
2057 2936 2221 3023 igne
2282 2947 2353 3003 et
2397 2936 2585 3001 ferro
2635 2936 2868 3002 omnia
2913 2946 3260 3002 vastantes
3304 2947 3374 3003 et
3418 2934 3623 3001 villas
3685 2943 3965 3000 centum
4027 2927 4544 3019 quinquaginta

809 3051 1451 3117 sacomanaverung
1499 3039 1574 3104 in
1619 3041 1845 3126 preda
1890 3041 2123 3107 omnia
2185 3061 2270 3106 ac
2333 3042 2497 3128 igne
2559 3053 2923 3126 ponentes,
2972 3040 3243 3108 vetulos
3290 3052 3360 3107 et
3406 3040 3708 3106 feminas
3738 3038 4167 3116 occidentes,
4202 3054 4548 3121 puerosve

814 3152 1189 3222 servantes,
1237 3164 1410 3230 quos
1456 3156 1702 3231 postea
1746 3146 1822 3210 in
1869 3165 2107 3212 eorum
2152 3146 2450 3233 patriam
2496 3148 2859 3223 duxerunt,
2907 3147 3349 3234 infinitasque
3418 3144 3697 3223 bestias,
3743 3164 3832 3210 ac
3857 3143 4197 3230 'captivos
4242 3139 4335 3207 ab
4383 3138 4549 3204 inde

813 3248 1172 3327 ducend03
1219 3261 1735 3338 posueruntque
1782 3248 2003 3342 prope
2046 3252 2336 3319 Utinam
2385 3263 2609 3319 castra
2653 3274 2798 3333 sua,
2831 3256 2904 3318 in
2939 3252 3134 3320 cuius
3165 3252 3578 3319 defensione
3626 3263 3779 3316 erat
3823 3270 4057 3317 comes
4103 3247 4430 3314 Carollus
4463 3246 4554 3311 de

808 3352 1174 3421 Monton0.
1271 3354 1485 3433 Quod
1531 3357 1812 3444 quidem
1858 3358 1957 3423 sic
2005 3370 2272 3447 gestum
2319 3360 2446 3425 toti
2495 3358 2648 3425 urbi
2693 3373 3026 3426 terrorem
3058 3359 3349 3437 induxit,
3382 3359 3681 3423 maxima
3712 3359 3902 3423 fama
3933 3354 4323 3442 divulgata,
4358 3352 4552 3439 quod
4599 3348 4688 3413 25

811 3458 925 3547 alij
960 3460 1279 3527 totidiem
1310 3463 1386 3527 in
1417 3484 1650 3531 mense
1681 3464 1995 3550 proximo
2028 3462 2615 3552 superveniebant
2637 3476 2705 3532 et
2729 3467 2919 3553 quod
2943 3486 3098 3532 com
3122 3464 3222 3529 eis
3243 3465 3623 3551 imperator
3652 3461 4191 3551 intelligentiam
4222 3456 4553 3526 habebat.

812 3566 921 3632 Ex
968 3588 1106 3655 quo
1153 3590 1198 3635 a
1241 3568 1533 3636 Venetis
1577 3571 1793 3656 petito
1839 3571 2148 3658 undique
2193 3593 2321 3658 per
2366 3572 2637 3638 Italiam
2685 3572 2943 3638 auxilio
2973 3574 3112 3662 jam
3143 3584 3425 3658 paratus
3459 3583 3607 3637 erat
3639 3569 3991 3637 exercitus
4022 3569 4394 3655 plusquam
4431 3565 4556 3630 de-

813 3695 967 3739 cem
1014 3674 1337 3739 millium'
1385 3678 1695 3763 equitum
1744 3676 2340 3764 belligeratorum3
2389 3698 2690 3765 cumque
2734 3679 3088 3764 cepissent
3148 3677 3336 3743 viam
3382 3677 3626 3743 facere
3671 3697 3911 3742 versus
3957 3675 4146 3761 ipsos
4206 3673 4555 3748 Teucros,

812 3780 1065 3867 hyeme
1109 3783 1643 3867 superveniente
1686 3783 1822 3869 ipsi
1867 3784 2132 3850 Teucri
2184 3785 2253 3849 in
2298 3784 2662 3852 Bossinam
2710 3785 2971 3851 reversi
3017 3796 3195 3851 sunt.
3288 3781 3548 3848 Mirum
3581 3783 3716 3848 fuit
3759 3783 3952 3869 quod
3997 3792 4292 3868 propter
4338 3777 4554 3843 cada-

812 3885 981 3952 vera
1025 3887 1372 3974 insepulta
1417 3889 1492 3954 in
1542 3890 1732 3955 dicta
1781 3901 2140 3956 contracta
2184 3902 2610 3957 mortuorum
2643 3903 2712 3957 et
2743 3891 2907 3977 quia
2935 3891 3130 3978 regio
3176 3890 3326 3976 ipsa
3371 3911 3594 3955 vacua
3640 3889 3966 3954 remansit
4011 3884 4551 3960 habitatoribus,
4597 3884 4693 3945 30

810 3992 1117 4058 infinitus
1162 4006 1559 4080 serpentum
1609 4016 1936 4062 numerus
1981 3995 2130 4064 illic
2179 3996 2318 4063 loci
2365 3996 2559 4063 venit
2607 4007 2676 4062 et
2722 3998 2900 4062 adeo
2948 3997 3142 4084 quod
3186 3996 3417 4062 nullus
3461 4016 3672 4061 ausus
3715 4008 3868 4061 erat
3911 4015 4041 4080 per
4098 3993 4257 4057 illas
4320 4001 4556 4076 partes

812 4098 1182 4165 transitum
1225 4102 1486 4168 facere.

940 4261 945 4272 .
997 4202 1162 4281 Quo
1209 4206 1419 4272 etiam
1466 4217 1777 4292 tempore
1824 4206 2109 4272 intravit
2139 4207 2214 4272 in
2248 4208 2533 4274 civitate
2581 4208 2915 4275 Faventie
2961 4207 3280 4274 dominus
3328 4206 3685 4273 Gallaotus
3731 4207 3823 4273 de
3858 4203 4260 4270 Manfredis
4292 4202 4386 4268 de
4422 4203 4482 4269 F
4484 4222 4560 4265 a-

815 4310 1076 4389 ventia,
1125 4313 1245 4399 qui
1293 4325 1442 4377 erat
1487 4325 1681 4378 extra
1729 4326 1799 4381 et
1843 4312 2230 4380 dominium
2278 4313 2498 4400 ipsius
2545 4314 2850 4381 civitatis
2896 4313 2987 4380 ad
3034 4335 3109 4379 se
3157 4324 3478 4400 spectare
3527 4310 3833 4390 dicebat,
3879 4321 4356 4396 receptusque
4421 4307 4559 4372 fuit

813 4428 886 4481 et
932 4417 1219 4483 ellectus
1265 4418 1339 4484 in
1384 4418 1777 4506 principem
1826 4442 1868 4485 a
1914 4418 2207 4485 civibus.
2296 4419 2634 4486 Dominus
2676 4440 2843 4486 vero
2890 4419 3202 4497 Carolus,
3251 4420 3370 4505 qui
3439 4419 3666 4504 ipsam
3714 4417 4072 4483 civitatem
4121 4413 4434 4492 tenebat,
4484 4430 4560 4477 se
4606 4407 4698 4474 35

815 4522 1093 4588 reduxit
1139 4525 1212 4589 in
1260 4545 1419 4592 arce
1467 4526 1784 4604 civitatis,
1833 4523 2436 4592 concurrentibus'
2483 4525 2757 4612 auxilijs
2804 4545 2932 4611 pro
2980 4538 3271 4611 utraque
3319 4536 3541 4610 parte.
3633 4522 3955 4588 Tandem
3988 4520 4346 4588 mediante
4378 4520 4562 4585 duce

816 4628 1125 4695 Hercule
1170 4631 1463 4697 Extensi
1509 4653 1623 4697 res
1669 4632 1761 4698 ad
1807 4631 2258 4698 concordium
2308 4632 2615 4698 deducta
2661 4644 2796 4707 est3
2846 4651 3005 4695 nam
3051 4631 3379 4698 dominus
3426 4628 3788 4696 Gallaotus
3833 4627 4170 4693 remansit
4233 4626 4566 4692 dominus

813 4735 874 4799 F
876 4735 1175 4815 aventie,
1225 4736 1453 4804 dictus
1497 4758 1667 4803 vero
1715 4738 2037 4803 dominus
2080 4737 2371 4804 Carolus
2415 4737 2543 4802 ivit
2605 4737 2698 4802 ad
2764 4735 3219 4802 habitandum
3289 4735 3580 4802 Ferarie
3652 4755 3810 4800 com
3856 4734 4264 4818 provisione
4326 4752 4570 4796 annua

825 4839 1232 4907 ducatorum
1281 4854 1581 4929 quatuor
1625 4843 1813 4909 mille
1859 4844 2035 4909 auri.

993 4945 1100 5012 Eo
1148 4947 1434 5033 quidem
1481 4966 1667 5013 anno
1722 4948 1886 5019 1477
1938 4950 2012 5013 in
2059 4948 2414 5034 principio
2462 4948 2713 5015 mensis
2781 4946 3185 5015 novembris
3248 4947 3340 5011 ad
3387 4946 3623 5012 lunam
3668 4966 3921 5013 novam
3983 4945 4258 5031 incepit
4319 4944 4571 5033 vigere
4620 4944 4711 5006 40

812 5050 1030 5137 pestis
1074 5053 1148 5117 in
1197 5054 1476 5120 civitate
1523 5054 1771 5120 Parme
1841 5054 2100 5120 acerba
2169 5074 2256 5118 ex
2300 5055 2748 5141 contagione,
2797 5075 2884 5118 ex
2931 5073 3071 5138 qua
3115 5053 3304 5118 infra
3352 5063 3514 5117 octo
3578 5053 3730 5119 dies
3792 5051 4254 5117 decesserunt
4307 5050 4409 5128 hi,
4459 5050 4572 5115 vi-

815 5156 1104 5222 delicet:
1155 5155 1392 5224 Bonus
1440 5159 1528 5224 de
1573 5161 1875 5238 Feraria,
1924 5179 2100 5224 uxor
2146 5158 2375 5224 Paulli
2421 5159 2509 5224 de
2557 5159 2859 5237 Feraria,
2907 5178 3076 5222 uxor
3122 5157 3427 5244 Fabricij
3478 5156 3752 5235 Antini,
3786 5177 3963 5223 uxor
3995 5156 4346 5243 Johannis
4377 5153 4578 5221 Ban-

811 5262 1012 5338 zolle,
1058 5284 1235 5328 uxor
1281 5263 1644 5329 Francisci
1692 5264 2004 5343 Crivelli,
2052 5284 2231 5328 uxor
2276 5262 2667 5331 Chabrielis
2713 5265 2802 5330 de
2847 5262 3166 5343 Pallude,
3222 5262 3549 5329 Chabriel
3595 5264 3767 5349 ipse,
3814 5263 4153 5350 magister
4198 5262 4576 5350 Johannes

811 5365 1121 5452 Jacobus
1166 5369 1516 5434 Cataneus
1557 5369 1867 5452 phisicus
1911 5380 1980 5434 et
2025 5370 2144 5455 qui
2192 5381 2557 5434 curaverat
2622 5368 2885 5435 dictum
2937 5365 3211 5433 Bonum
3256 5380 3326 5448 et
3370 5367 3654 5434 dicebat
3716 5389 3858 5433 non
3924 5388 4080 5433 esse
4129 5367 4573 5446 morbosum,

816 5471 1140 5538 dominus
1184 5472 1613 5537 Benedictus
1658 5473 1745 5538 de
1793 5474 2105 5539 Zabollis
2151 5474 2402 5540 doctor
2447 5484 2518 5539 et
2546 5473 2793 5550 milles,
2829 5472 2947 5558 qui
2978 5474 3349 5560 aufugerat
3394 5473 3797 5550 Parianum,
3832 5476 4063 5539 factor
4109 5472 4578 5558 suprascripti
4627 5473 4713 5538 45

812 5576 1058 5653 Paulli,
1092 5578 1214 5663 qui
1242 5578 1430 5642 hanc
1464 5579 1948 5665 contagionem
1996 5589 2284 5663 ceperat
2341 5578 2680 5657 Bononie,
2726 5577 3008 5642 domina
3052 5575 3317 5662 Jacoba
3361 5578 3803 5644 Baldechina
3848 5590 3918 5643 et
3966 5579 4394 5664 quammulti
4428 5578 4576 5666 alij.

816 5684 979 5760 Que
1015 5684 1226 5767 pestis
1259 5703 1348 5748 ex
1378 5681 1640 5766 optima
1684 5683 2076 5766 provisione
2124 5682 2392 5747 domini
2437 5682 2919 5770 gubernatoris
2963 5681 3150 5747 infra
3194 5703 3499 5748 mensem
3549 5683 3876 5761 cessavit,
3925 5683 4081 5749 Deo
4131 5683 4375 5762 dante,
4411 5706 4580 5750 narn

815 5787 909 5852 ob
957 5787 1103 5852 eius
1148 5798 1413 5852 metum
1462 5787 2003 5870 quammaximus
2052 5806 2374 5851 numerus
2420 5786 2673 5851 civium
2721 5785 2948 5851 iverat
2993 5787 3084 5850 ad
3130 5787 3331 5852 villas
3377 5800 3448 5853 et
3494 5800 3725 5854 castra
3774 5789 4249 5874 episcopatus.

996 5892 1259 5958 Ultima
1307 5890 1592 5976 quidem
1640 5890 1758 5954 die
1804 5892 2059 5955 mensis
2104 5891 2498 5956 novembris
2545 5891 2718 5955 dicti
2786 5890 2950 5954 anni
3021 5890 3185 5960 1477
3252 5893 3572 5958 dominus
3631 5893 3918 5959 Branda
3984 5893 4076 5959 de
4142 5894 4575 5974 Castiliono,

815 5997 932 6063 cui
983 5996 1266 6064 domina
1337 5995 1615 6061 ducissa
1684 5996 1984 6081 amplam
2049 5995 2338 6062 dederat
2383 5995 2934 6061 commissionem
2995 5995 3282 6062 videndi
3343 6009 3413 6063 et
3475 5999 3866 6065 refferendi
3940 6000 4374 6068 excellentie
4425 6023 4578 6081 sue,
4632 6003 4714 6067 50
