4895 7066
532 1832 579 1873 M

623 1513 807 1558 c.0⁶r

586 1844 686 1888 υιι..
717 1836 800 1878 328

608 3964 798 4011 abbe!

960 482 1059 558 62
2249 492 2728 567 CRONICA
2784 493 3366 567 GESTORUM
3768 452 3772 459 ’
3983 499 4091 570 [a
4131 502 4300 556 14⁷⁹
4337 496 4684 567 aioembrel

1337 634 1382 646 tuoe

1849 638 2264 651 mmo-m

2488 640 2683 652 m·-
3463 638 4041 650 nomm-ventum*-

951 750 1241 838 insuper
1282 752 1657 835 instabant,
1704 755 2061 824 exbursari
2103 756 2204 824 eis
2247 758 2601 825 residuum
2647 756 3031 825 taxationis.
3120 756 3388 823 Exules
3446 753 3709 821 reversi
3769 750 4277 830 vociferabant,
4323 746 4526 837 quod
4573 747 4684 812 eis

946 876 1077 943 per
1125 858 1417 926 Rubeos
1466 862 1969 929 resarcirentur
2014 884 2251 930 eorum
2299 863 2553 930 damna
2599 863 2783 952 exilij
2830 863 3156 950 pretacti3
3202 862 3632 949 multumque
3679 857 4145 938 dubitabatur,
4192 878 4282 922 ne
4327 856 4443 922 his
4485 866 4687 921 stan-

945 962 1134 1030 tibus
1177 964 1425 1034 civitas
1470 969 1561 1034 ad
1605 989 1798 1035 arma
1840 981 1913 1036 et
1956 969 2306 1037 deteriora
2346 981 2850 1057 prorumperet.
2941 969 3158 1037 Pauci
3202 987 3371 1035 vero
3402 989 3491 1034 ex
3521 964 3793 1033 Rubeis
3835 986 3910 1032 se
3953 965 4183 1052 palam
4216 958 4683 1038 exhibebant,

962 1071 1157 1138 multi
1205 1071 1534 1154 latebant,
1579 1076 2068 1164 quamplurimi
2113 1098 2202 1143 ex
2244 1076 2420 1144 urbe
2483 1076 2962 1144 discesserant.
3055 1075 3375 1142 Tandem
3437 1095 3516 1140 re
3576 1074 3648 1138 in
3711 1072 4007 1140 consilio
4052 1081 4269 1138 status
4315 1068 4685 1143 ventilata,

949 1178 1379 1264 scripserunt
1425 1180 1832 1249 officialibus
1874 1182 2126 1250 Parme
2170 1183 2614 1251 illustrissimi
2659 1184 2922 1250 domini
2966 1182 3207 1261 nostri,
3253 1182 3445 1271 quod
3490 1200 3619 1268 pro
3668 1178 4167 1265 componendis
4212 1177 4323 1242 his
4370 1177 4688 1242 alterca-
4797 1169 4853 1236 5

946 1284 1250 1353 tionibus
1294 1286 1719 1357 mandabant
1748 1289 2093 1356 incantari
2122 1290 2517 1357 additiones
2547 1290 2930 1357 communis
2976 1289 3222 1356 Parme
3267 1308 3396 1376 pro
3442 1307 3629 1354 anno
3676 1286 3936 1365 futuro,
3985 1284 4151 1351 licet
4195 1282 4484 1350 vendite
4530 1282 4683 1371 jam

947 1403 1179 1459 essent
1223 1402 1297 1459 et
1340 1394 1530 1481 quod
1573 1414 1661 1461 ex
1704 1397 1947 1482 precio
1992 1396 2267 1463 illarum
2296 1397 2706 1464 mensuatim
2737 1396 3179 1464 exbursando
3209 1394 3576 1461 satisfieret
3608 1392 3879 1460 civibus
3922 1392 4015 1459 de
4061 1391 4286 1459 tribus
4332 1385 4688 1478 squadris,

959 1499 1290 1586 quodque
1333 1500 1801 1569 incantatores
1846 1525 2082 1570 earum
2130 1502 2592 1597 additionum'
2641 1513 3092 1590 expectarent
3121 1503 3196 1567 in
3227 1501 3368 1570 alio
3415 1520 3598 1568 anno
3644 1498 3969 1586 sequenti
4015 1510 4087 1565 et
4117 1498 4218 1563 sic
4251 1497 4343 1563 de
4377 1514 4568 1561 anno
4603 1491 4689 1557 in

946 1625 1202 1672 annum
1247 1628 1465 1695 usque
1512 1609 1606 1675 ad
1636 1630 1891 1675 annum
1944 1610 2135 1689 1488,
2167 1631 2306 1698 quo
2338 1586 2653 1697 tempore
2684 1630 3024 1677 annorum
3055 1619 3318 1696 septem
3363 1607 3763 1675 additiones
3806 1624 4243 1693 quecomque
4289 1600 4690 1671 communis

957 1712 1242 1779 vendite
1270 1713 1548 1782 fuerant
1594 1726 1666 1782 et
1709 1718 1850 1806 jam
1894 1717 2199 1803 pecunie
2243 1717 2425 1783 illius
2472 1717 2807 1804 temporis
2853 1727 3261 1802 consumpte
3309 1725 3528 1794 erant,
3578 1733 3664 1780 ea
3707 1712 3863 1801 lege
3910 1712 4102 1799 quod
4151 1710 4693 1776 exsolverentur
4750 1705 4848 1770 10

949 1817 1116 1903 ipsis
1144 1819 1693 1887 incantatoribus
1738 1844 1828 1889 ex
1873 1823 2176 1914 denarijs
2225 1823 2604 1890 communis
2633 1823 2815 1891 libre
2846 1833 3010 1891 octo
3042 1843 3172 1909 pro
3203 1820 3538 1887 interesse
3572 1816 3856 1908 singuli'
3891 1816 4305 1906 centonarij,
4339 1814 4687 1901 quodque

945 1945 1128 1993 anno
1195 1926 1362 1992 1488
1424 1927 1814 1995 additiones
1877 1928 2044 1997 dicti
2108 1930 2493 1998 communis
2552 1927 3012 1997 sacomanatis
3072 1927 3590 2017 assignarentur
3650 1945 3781 2012 pro
3843 1923 4126 1991 residuo
4178 1918 4692 1989 satisfactionis

944 2032 1317 2100 sacomani.
1409 2033 1633 2121 Super
1679 2055 1818 2122 quo
1889 2046 2318 2125 congregate
2378 2048 2540 2102 sunt
2598 2037 2814 2103 multe
2876 2035 3271 2112 credentie;
3335 2043 3802 2099 convocatum
3871 2041 3976 2097 est
4043 2028 4413 2096 consilium
4458 2047 4693 2116 gene-

945 2137 1114 2217 rale,
1161 2141 1352 2227 quod
1396 2140 1641 2208 haberi
1685 2161 1825 2208 non
1870 2141 2129 2228 potuit;
2177 2142 2352 2210 facti
2398 2153 2559 2209 sunt
2601 2141 2797 2208 multi
2843 2150 3194 2220 tractatus,
3240 2138 3596 2225 multaque
3659 2136 3984 2204 ordinata
4042 2147 4205 2202 sunt
4255 2132 4686 2220 superinde3

944 2243 1068 2308 sed
1113 2244 1302 2311 cives
1331 2265 1420 2312 ex
1464 2246 1786 2314 omnibus
1829 2248 2149 2336 squadrls
2190 2248 2522 2316 interesse
2552 2248 2627 2313 in
2656 2248 2767 2313 his
2797 2246 3268 2313 additionibus
3313 2245 3671 2321 habentes,
3704 2242 3822 2330 qui
3869 2254 4071 2309 erant
4102 2237 4536 2328 quammulti,
4589 2237 4688 2302 ad
4744 2234 4828 2303 15

947 2348 1023 2415 id
1051 2350 1450 2420 nolluerunt
1478 2354 1890 2421 consentire.
1981 2355 2158 2423 Cum
2191 2365 2421 2421 autem
2453 2352 2994 2420 refferendarius
3021 2352 3443 2438 procederet
3471 2351 3567 2419 ad
3610 2350 3988 2428 incantum,
4019 2369 4111 2415 ne
4143 2347 4217 2414 id
4247 2347 4484 2415 locum
4530 2364 4686 2410 sor-

947 2456 1217 2537 tiretur,
1251 2458 1486 2526 ellecti
1530 2471 1695 2527 sunt
1718 2460 1807 2528 ab
1832 2460 2140 2553 vantianis
2184 2472 2486 2549 quatuor
2529 2471 2845 2529 oratores
2889 2459 3076 2525 missi
3121 2459 3215 2525 ad
3258 2458 3630 2545 principes,
3664 2457 3784 2545 qui
3812 2457 4101 2522 fuerunt
4129 2475 4310 2520 unus
4356 2471 4492 2540 pro
4536 2451 4687 2517 sin-

946 2562 1111 2650 gula
1153 2565 1474 2651 squadra.
1569 2567 1763 2646 Quid
1807 2578 2039 2633 autem
2083 2579 2434 2656 sequetur,
2481 2568 2859 2655 ignoratur.

1120 2671 1552 2739 Duodecimo
1595 2672 1989 2740 decembris
2032 2674 2105 2739 in
2148 2694 2350 2741 mane
2398 2675 2566 2741 dum
2607 2671 3018 2739 Leonardus
3062 2672 3154 2739 de
3200 2669 3495 2739 Biondis
3538 2689 3756 2737 senex
3797 2682 3869 2737 et
3916 2669 4005 2735 de
4048 2667 4358 2756 squadra
4401 2663 4688 2742 Rubea,

942 2776 1184 2842 audita
1226 2776 1458 2857 missa,
1505 2799 1665 2845 nam
1713 2791 1865 2846 erat
1908 2780 2057 2846 dies
2087 2779 2462 2858 dominica,
2495 2780 2782 2857 veniret,
2813 2789 2891 2844 ut
2922 2779 3200 2845 domum
3245 2779 3533 2845 intraret
3578 2796 3974 2863 pransurus,
4006 2774 4081 2839 in
4123 2772 4389 2841 vicinia
4433 2770 4688 2837 Sancti
4736 2772 4824 2833 20

949 2882 1177 2948 Paulli
1223 2883 1586 2951 insultatus
1630 2885 1812 2951 clam
1841 2907 1886 2951 a
1918 2885 2292 2953 Francisco
2339 2884 2718 2952 Mulinario
2765 2887 2860 2953 de
2900 2884 3220 2952 Pitochis
3251 2886 3342 2953 de
3373 2884 3678 2972 squadra
3709 2881 4206 2971 Sanguinada,
4238 2879 4443 2946 cuius
4472 2888 4690 2964 pater

947 2989 1224 3057 Mateus
1267 2991 1444 3059 alias
1486 3004 1711 3059 tortus
1756 2993 1986 3059 fuerat
2030 2991 2121 3059 ob
2170 2993 2498 3060 Hectoris
2542 2994 2631 3059 de
2680 2993 2979 3059 Grandis
3022 2993 3514 3080 proditionem,
3564 2991 3654 3058 de
3698 3011 3839 3078 qua
3884 2989 4204 3075 superius
4233 2986 4510 3053 dictum
4556 2995 4688 3062 est,

945 3108 1016 3162 et
1063 3095 1559 3164 criminabatur
1600 3099 1721 3164 hic
1752 3099 2178 3178 testificasse,
2210 3119 2365 3166 com
2394 3099 2627 3188 gladio
2660 3098 2928 3166 duobus
2956 3098 3359 3165 vulneribus
3391 3099 3755 3164 confossus
3785 3098 3859 3161 in
3891 3108 4087 3183 tergo
4121 3106 4193 3161 et
4222 3092 4690 3160 obtruncatus

941 3203 1099 3282 fuit,
1146 3204 1237 3270 de
1284 3224 1420 3291 quo
1468 3205 1784 3273 facinore
1827 3205 2020 3271 nulla
2063 3206 2178 3272 vel
2222 3205 2508 3272 minima
2569 3206 2763 3272 facta
2818 3205 2958 3272 fuit
3016 3204 3306 3272 mentio.
3398 3205 3582 3271 Nam
3644 3214 3955 3290 potestas
3999 3199 4267 3279 aberat,
4313 3199 4689 3286 profectus

948 3307 1258 3395 Papiam,
1305 3310 1615 3398 nullique
1642 3311 1937 3377 aderant
1969 3311 2044 3376 in
2073 3311 2246 3379 urbe
2276 3311 2745 3398 provisionati,
2778 3312 2897 3399 qui
2929 3310 3021 3379 ob
3053 3311 3495 3398 deperditam
3543 3309 3919 3377 Sarzanam
3950 3327 4193 3375 omnes
4230 3313 4690 3373 accesserant
4733 3299 4810 3366 25

948 3413 1043 3479 ad
1088 3415 1478 3482 custodiam
1522 3414 1981 3483 Pontremuli.

1055 3512 1059 3527 ⁴
1123 3521 1413 3588 Decimo
1443 3535 1693 3612 octavo
1724 3521 2118 3592 decembris
2149 3526 2471 3592 dominus
2498 3527 2853 3615 Johannes
2883 3524 3290 3609 Bentivolus
3320 3524 3785 3593 Bononiensis
3812 3523 4010 3590 venit
4039 3542 4198 3589 com
4228 3518 4532 3587 notabili
4565 3538 4687 3584 co-

947 3627 1191 3694 mitiva
1226 3625 1780 3697 Bononiensium
1827 3650 1915 3697 ex
1958 3631 2282 3698 Bononia
2324 3631 2648 3699 Parmam
2697 3632 2912 3699 iturus
2957 3632 3460 3711 Mediolanum,
3511 3630 4014 3720 allogiavitque
4057 3629 4134 3693 in
4179 3626 4476 3714 pallatio
4536 3624 4687 3710 epi-

944 3733 1233 3819 scopali,
1281 3735 1474 3822 quod
1519 3736 1881 3821 prefactus
1924 3736 2249 3803 dominus
2292 3737 2661 3824 episcopus
2693 3739 3215 3816 ‘rehedificavin
3265 3737 3753 3816 consolidavit,
3786 3757 3871 3803 ac
3902 3734 4103 3823 quasi
4132 3734 4368 3801 denuo
4414 3730 4687 3798 errexit

952 3839 1203 3906 mirum
1249 3841 1321 3906 in
1367 3841 1648 3908 modum
1693 3853 1766 3908 et
1806 3840 1928 3909 ubi
1973 3843 2122 3927 ipse
2169 3843 2523 3930 principes
2570 3856 2641 3911 et
2692 3844 2957 3911 nobiles
3001 3855 3437 3910 transeuntes
3483 3846 3899 3930 hospitatur.
4729 3837 4813 3900 30

1125 3946 1484 4037 vigesimo
1517 3949 1723 4015 tertio
1755 3948 2144 4017 decembris
2188 3950 2378 4016 facta
2422 3951 2560 4018 fuit
2604 3951 2804 4017 crida
2833 3952 2910 4016 in
2936 3951 3347 4018 executione
3397 3951 3781 4017 litterarum
3813 3949 4192 4026 ducalium,
4226 3946 4419 4036 quod
4451 3946 4688 4010 nullus

946 4053 1239 4121 auderet
1282 4053 1550 4142 aliquos
1593 4053 1921 4123 bannitos
1968 4067 2326 4141 receptare
2356 4056 2431 4121 in
2466 4056 2772 4134 civitate,
2806 4076 2935 4123 nec
2983 4057 3057 4122 in
3103 4057 3519 4144 episcopatu
3549 4057 3801 4124 Parme
3847 4056 3975 4122 sub
4023 4076 4210 4142 pena
4254 4055 4330 4118 in
4379 4051 4690 4118 decretis

945 4171 1315 4228 contenta:
1365 4181 1503 4247 qua
1548 4161 1741 4227 facta
1784 4162 2079 4241 banniti,
2127 4160 2249 4249 qui
2291 4175 2489 4228 erant
2532 4164 2812 4243 reversi,
2854 4164 3185 4252 justitiam
3249 4184 3390 4229 non
3453 4163 3937 4242 formidantes,
3984 4183 4181 4228 arma
4228 4180 4474 4226 omnes
4520 4178 4688 4244 por-

948 4265 1193 4333 tabant
1238 4278 1309 4333 et
1353 4267 1526 4333 sacti
1573 4279 1730 4333 sunt
1775 4268 2240 4345 audentiores,
2288 4268 2540 4354 quibus
2584 4268 2760 4334 nihil
2807 4269 3171 4336 dicebatur
3215 4270 3306 4336 ob
3352 4270 3579 4355 ipsam
3623 4263 3978 4335 armorum
4026 4267 4478 4335 delationem.

1126 4372 1388 4440 Ultimo
1436 4373 1824 4441 decembris
1870 4373 2034 4439 anni
2089 4372 2255 4444 1479
2302 4375 2566 4441 factum
2612 4375 2751 4442 fuit
2781 4394 3038 4440 novum
3070 4375 3438 4442 consilium
3469 4395 3601 4462 pro
3635 4394 3822 4442 anno
3855 4373 4173 4462 sequenti
4204 4370 4685 4439 transmissum
4729 4368 4809 4433 35

946 4500 1034 4544 ex
1076 4477 1488 4545 Mediolano
1533 4491 1608 4546 et
1653 4479 1817 4545 dum
1865 4480 2199 4547 darentur
2257 4479 2485 4546 officia
2545 4482 2860 4547 comunis
2921 4481 3013 4547 ad
3075 4481 3333 4560 brevia,
3397 4481 3768 4548 consilium
3831 4481 4111 4547 solitum
4172 4478 4328 4546 fieri
4390 4477 4470 4542 in
4533 4497 4686 4543 sero

955 4585 1223 4651 factum
1268 4585 1402 4649 fuit
1447 4585 1520 4650 in
1565 4585 1813 4676 tertijs,
1860 4585 1953 4652 ob
1994 4596 2253 4651 metum
2301 4587 2760 4672 capistrorum
2811 4608 3004 4653 arma
3034 4587 3498 4676 deferentium
3530 4600 3602 4654 et
3630 4587 4068 4666 minantium,
4117 4607 4416 4674 quorum
4450 4581 4554 4649 ibi
4585 4594 4690 4649 est

943 4689 1250 4756 infinitus
1294 4711 1620 4757 numerus
1664 4692 1971 4757 euntium
2016 4691 2093 4755 in
2140 4702 2348 4757 nocte
2393 4692 2543 4758 sine
2592 4692 2850 4759 lumine
2899 4704 2971 4760 et
3016 4694 3235 4760 multa
3280 4695 3466 4759 mala
3512 4694 3798 4780 impune
3843 4692 4425 4780 perpetrantium.

1122 4795 1277 4861 Hac
1321 4797 1529 4863 etiam
1576 4793 1690 4861 die
1738 4808 1809 4862 et
1853 4796 1927 4862 in
1972 4796 2265 4862 consilio
2333 4799 2678 4882 predicto,
2725 4799 3084 4865 obtentum
3149 4800 3304 4878 fuit,
3373 4802 3653 4866 nemine
3720 4800 4195 4884 discrepante,
4243 4799 4437 4885 quod
4481 4797 4684 4863 finita

941 4901 1349 4967 venditione
1413 4901 1839 4969 additionum
1899 4902 2305 4981 communis,
2369 4924 2505 4990 que
2569 4905 2773 4973 durat
2832 4926 2960 4991 per
3021 4918 3241 4974 totum
3294 4927 3552 4972 annum
3610 4907 3805 4985 1486,
3851 4906 4009 4992 ipse
4057 4905 4486 4983 additiones,
4558 4924 4693 4991 que
4736 4904 4813 4967 40

946 5017 1107 5073 sunt
1153 5005 1561 5085 communis,
1607 5007 1916 5073 adhibite
1964 5027 2239 5094 semper
2302 5030 2511 5096 super
2578 5012 2783 5101 datijs
2852 5011 3217 5079 ducalibus
3275 5012 3554 5093 Parme,
3617 5013 3919 5100 amplius
3965 5031 4111 5077 non
4160 5012 4562 5099 exigantur,
4611 5031 4695 5075 ex

946 5113 1196 5202 quibus
1256 5113 1479 5190 solent
1535 5112 1802 5198 percipi
1862 5114 2137 5202 singulo
2198 5134 2384 5180 anno
2445 5114 2621 5182 libre
2681 5118 2819 5207 xvj.
2884 5118 3077 5184 mille
3126 5130 3198 5185 et
3263 5120 3465 5186 ultra.
3559 5119 3779 5199 Quod
3840 5129 4065 5186 totum
4112 5130 4350 5186 actum
4396 5117 4562 5196 fuit,
4611 5139 4696 5181 ne

949 5219 1373 5287 sacomanati
1416 5239 1505 5284 ex
1546 5219 1687 5284 illis
1732 5230 2242 5305 consequantur
2287 5219 2839 5287 satisfactionem
2885 5244 3079 5289 suam
3125 5224 3198 5290 in
3243 5246 3428 5291 anno
3484 5226 3652 5292 1488
3702 5238 3914 5312 prout
3980 5226 4345 5313 principes
4406 5224 4695 5291 ordina-

947 5337 1213 5393 verant.

1120 5431 1538 5498 Laurentius
1581 5429 1901 5498 Medicus
1932 5430 2374 5498 Florentinus
2406 5451 2561 5498 com
2593 5434 3143 5503 salvoconducto
3175 5437 3362 5527 regis
3390 5436 3828 5506 Ferdinandi
3876 5452 3948 5506 et
3981 5441 4151 5507 dato
4183 5438 4436 5506 obside
4471 5440 4699 5506 altero
4741 5439 4808 5504 45

947 5557 1035 5605 ex
1078 5538 1235 5625 filijs
1277 5537 1449 5604 dicti
1494 5536 1680 5625 regis
1723 5535 1794 5600 in
1839 5536 2156 5603 manibus
2201 5539 2385 5626 regis
2429 5538 2748 5617 Francie,
2793 5541 2923 5607 ivit
2968 5542 3365 5630 Neapolim,
3396 5566 3484 5610 ex
3515 5565 3655 5631 quo
3703 5559 4030 5632 speratur
4072 5566 4329 5632 pacem
4378 5546 4700 5632 sequitu-

587 5668 742 5718 Μυκη
774 5667 854 5708 329
950 5665 1121 5723 ram,
1166 5662 1294 5730 pro
1325 5662 1464 5729 qua
1490 5641 1976 5708 Mediolanum
2022 5642 2325 5728 profecti
2370 5654 2527 5710 sunt
2556 5657 2866 5712 oratores
2897 5646 3239 5716 dictorum
3272 5669 3536 5737 regum,
3570 5649 4198 5731 Florentinorum,'
4230 5651 4697 5730 Venetorum,

951 5749 1491 5816 Bononiensium
1539 5758 1609 5814 et
1653 5747 1946 5813 aliorum
1993 5748 2431 5815 dominorum
2478 5749 2697 5817 Italie.

1120 6022 1202 6076 13.
1240 6007 1552 6075 sacomam]
1588 6009 1939 6061 sacomanati
1975 6008 2088 6059 cod.
2125 6034 2193 6049 -·-
2232 6020 2318 6074 23.
2356 6008 2571 6077 gladio]
2610 6010 2797 6077 gladia
2832 6012 2948 6064 cod.
