4895 7066
633 972 673 1004 e.
702 970 782 1011 tu
809 973 837 1000 r

564 4482 721 4533 Mun..
750 4483 836 4525 ³⁹3

633 5557 675 5585 c.
702 5552 789 5593 1²5
815 5559 841 5587 r

1004 460 1026 533 Ι
1057 457 1147 533 16
2275 463 2755 539 CRONICA
2810 460 3389 539 GESTORUM
3725 469 3827 543 [A-
3869 473 4037 530 1482
4074 470 4709 542 settembre-ottobrel

1833 611 2007 621 -ο-οοα--ι-ι

2239 612 2283 622 ..ο

2936 613 2981 621 0—-
3005 613 3460 623 Μ··-ο-..ο-ο-.οοο-Μιοοοοοα.ν
3474 614 3682 623 umam—0·-

979 725 1346 795 Obiectum
1392 726 1484 794 tle
1527 725 1782 805 Fusco,
1828 723 2065 792 domui
2108 722 2360 791 Rubee
2406 723 2498 790 ab
2543 724 2830 812 antiquo
2891 724 3241 803 infestum,
3287 724 3362 790 in
3407 724 3613 790 terris
3657 722 3963 810 prefacti
4023 723 4284 790 domini
4331 724 4709 804 Guidonis,

984 834 1138 921 ipse
1184 834 1505 900 dominus
1550 832 1886 900 Obiectus
1929 842 2157 897 castra
2185 832 2422 917 posuit
2469 851 2627 898 com
2672 831 3000 920 gentibus
3041 832 3204 910 suis,
3252 831 3483 897 silicet
3525 830 3749 897 tribus
3796 831 4115 917 squadris
4161 843 4601 898 armatorum
4645 845 4713 899 et

987 939 1337 1028 peditibus
1368 939 1682 1007 ducentis
1713 948 1944 1005 castro
1975 937 2230 1005 Boschi
2275 937 2447 1005 dicti
2481 938 2746 1004 domini
2778 937 3125 1005 Guidonis
3154 939 3229 1004 in
3260 936 3571 1024 partibus
3617 937 3964 1004 montanis
3995 949 4065 1003 et
4093 936 4268 1004 sine'
4299 938 4716 1005 bombardis

985 1060 1281 1115 castrum
1327 1047 1552 1133 ipsum
1600 1045 1766 1112 licet
1810 1044 2255 1112 fortissimum
2304 1055 2377 1110 et
2420 1044 2950 1110 munitissimum
2999 1043 3312 1123 obtinuit,
3359 1043 3754 1131 proditione
3798 1043 4201 1111 Michaellis
4249 1046 4338 1112 de
4389 1042 4719 1112 Baiardis

987 1157 1080 1222 de
1124 1152 1545 1231 Callestano,
1589 1151 1764 1216 illud
1810 1162 2311 1220 castrumcom
2342 1151 2505 1240 filijs
2536 1151 2674 1215 suis
2707 1150 2976 1217 duobus
3025 1150 3480 1217 custodientis
3524 1163 3593 1217 et
3638 1151 3756 1237 qui
3790 1151 4002 1216 etiam
4046 1153 4187 1242 jam
4217 1153 4431 1217 annis
4463 1152 4718 1238 viginti
4800 1153 4819 1219 5

982 1261 1291 1349 quinque
1337 1259 1724 1327 custodiam
1770 1257 2073 1324 habebat
2118 1256 2561 1346 Castrignani
2608 1276 2691 1322 ac
2736 1256 2967 1324 factor
3010 1257 3356 1345 generalis
3404 1270 3557 1325 erat
3601 1257 4132 1345 magnificorum
4178 1257 4606 1325 Rubeorum
4651 1261 4720 1325 in

981 1367 1361 1434 Tureclara
1405 1377 1475 1433 et
1517 1384 1648 1451 pro
1694 1363 1969 1431 affidato
2015 1365 2261 1430 missus
2305 1363 2534 1432 fuerat
2593 1363 2669 1428 in
2729 1383 2895 1430 arce
2954 1364 3112 1450 ipsa
3170 1361 3454 1444 Boschi,
3502 1386 3705 1451 quam
3764 1363 3919 1450 ipse
3970 1375 4041 1430 et
4086 1363 4232 1451 filij,
4282 1364 4470 1430 alias
4516 1366 4721 1430 amici

984 1474 1261 1542 illorum
1307 1474 1397 1539 de
1425 1472 1657 1540 Flisco
1688 1482 2025 1558 tempore,
2058 1491 2195 1558 quo
2226 1471 2696 1538 Callestanum
2728 1469 3191 1557 possidebant,
3224 1472 3314 1538 de
3344 1471 3569 1537 facilli
3598 1470 3946 1537 Boschum
3992 1471 4219 1555 ipsum
4254 1471 4395 1557 ipsi
4431 1473 4721 1538 domino

984 1581 1301 1659 Obiecto,
1348 1578 1514 1646 licet
1561 1589 1806 1644 contra
1850 1578 2058 1645 fidem
2104 1589 2176 1643 et
2219 1576 2548 1657 debitum,
2595 1576 2954 1644 dederunt.
3048 1577 3191 1656 Qui
3220 1575 3530 1643 Michael
3559 1588 3803 1663 postea
3833 1576 4078 1642 divino
4122 1578 4380 1668 juditio
4415 1578 4712 1669 Cornilij

985 1698 1228 1774 captus
1272 1698 1344 1753 et
1391 1684 1625 1752 multis
1686 1681 1932 1751 diebus
1977 1683 2052 1748 in
2100 1682 2558 1769 compedibus
2616 1695 2939 1769 temptus,
2985 1695 3061 1749 ut
3108 1694 3599 1770 squartaretur,
3644 1682 4123 1750 misericordia
4182 1704 4340 1750 com
4412 1685 4717 1771 equitate
4768 1689 4819 1752 lt

983 1795 1204 1871 mista,
1253 1791 1418 1859 exul
1465 1803 1537 1858 et
1580 1789 1906 1858 bannitus
1951 1789 2086 1855 fuit
2116 1787 2206 1855 de
2238 1788 2550 1856 dominio
2596 1775 3003 1856 Rubeorum
3049 1810 3188 1855 una
3236 1808 3394 1855 com
3438 1788 3600 1880 filijs
3629 1788 3769 1854 suis
3814 1800 3886 1855 et
3932 1788 4118 1854 bona
4160 1810 4286 1856 sua
4332 1792 4720 1857 confiscata

984 1912 1143 1967 sunt
1185 1915 1316 1986 per
1358 1898 1774 1965 sententiam
1817 1895 2170 1983 publicam
2216 1906 2286 1961 et
2329 1896 2716 1982 relapsatus
2747 1894 2884 1961 fuit
2913 1895 2986 1960 in
3018 1895 3302 1960 exilium
3336 1907 3406 1962 et
3434 1894 3838 1961 mendicans
3882 1896 4354 1981 profecturus,
4392 1896 4720 1984 bonaque

984 2006 1132 2073 eius
1176 2006 1433 2072 donata
1477 2017 1635 2072 sunt
1679 2004 2005 2070 Nicollao
2050 2002 2140 2068 de
2189 1999 2522 2068 Cataneis
2566 2003 2658 2068 de
2705 2001 2938 2089 Regio
2984 2000 3326 2089 armigero
3370 2001 3674 2087 prefacti
3721 2001 3990 2068 domini
4034 2002 4406 2069 Guidonis,

1168 2113 1362 2178 Infra
1422 2125 1561 2202 tres
1624 2112 1772 2179 dies
1831 2121 2197 2198 postquam
2266 2109 2627 2195 prefactus
2694 2108 3017 2174 dominus
3084 2107 3420 2175 Obiectus
3482 2119 3711 2173 castra
3770 2121 4102 2194 posuerat
4164 2110 4718 2188 Rocheferarie,

982 2221 1246 2309 absque
1291 2220 1433 2286 ullo
1477 2217 1704 2305 prelio
1734 2217 2058 2285 Rocham
2088 2217 2311 2302 ipsam
2343 2213 2643 2282 obtinuit
2671 2225 2883 2301 pacto
2916 2227 2987 2281 et
3017 2215 3403 2280 concordio
3436 2215 3628 2281 facto
3675 2235 3833 2281 com
3883 2216 4260 2281 castellano
4312 2229 4391 2282 et
4427 2219 4711 2284 custode
4762 2217 4819 2284 15

980 2328 1122 2395 loci
1168 2327 1406 2413 ipsius,
1453 2325 1678 2392 silicet
1724 2324 2043 2411 Johanne
2086 2320 2400 2389 Antonio
2447 2320 2644 2388 dicto
2692 2320 3025 2387 Possente
3073 2321 3164 2386 de
3209 2320 3489 2399 Fillino,
3553 2322 3642 2387 de
3689 2343 3828 2408 quo
3876 2333 4206 2408 tanquam
4253 2322 4554 2390 subdito
4601 2326 4719 2389 do-

982 2434 1207 2499 minus
1255 2432 1485 2499 Guido
1531 2430 1739 2518 plene
1788 2428 2182 2497 confidebat
2229 2440 2298 2495 et
2344 2428 2465 2515 qui
2507 2439 2755 2514 postea
2802 2448 2958 2494 com
2990 2427 3159 2494 fillio
3191 2427 3521 2494 bannitus
3552 2438 3621 2492 et
3654 2425 3935 2493 rebellis
3981 2427 4214 2495 factus
4245 2442 4376 2509 est,
4417 2450 4507 2496 ac
4538 2429 4716 2497 bona

982 2562 1107 2607 sua
1150 2551 1309 2606 sunt
1356 2540 1749 2606 confiscata.
1840 2537 2024 2603 Nam
2068 2535 2204 2601 hec
2250 2535 2390 2603 duo
2437 2546 2666 2601 castra
2709 2533 2802 2601 ab
2850 2535 3134 2622 antiquo
3181 2534 3462 2600 fuerant
3508 2534 3752 2600 domus
3799 2534 3889 2600 de
3935 2535 4191 2615 Flisco,
4240 2555 4387 2623 que
4435 2536 4514 2601 in
4558 2538 4715 2622 ipsis

982 2647 1157 2715 locis
1202 2646 1448 2713 multos
1490 2644 1851 2732 partialles
1895 2640 2220 2709 habebat.
2311 2642 2406 2708 Et
2436 2653 2606 2708 nota
2637 2641 2827 2729 quod
2874 2642 3106 2707 omnia
3137 2652 3367 2705 castra
3397 2639 3635 2706 habita
3678 2661 3896 2727 usque
3941 2641 4150 2709 modo
4186 2655 4256 2709 et
4286 2642 4574 2710 Rubeis
4602 2665 4711 2709 ac-

986 2764 1212 2842 cepta,
1258 2763 1747 2840 processerunt
1792 2749 2187 2837 proditione
2235 2750 2724 2835 deputatorum
2770 2750 2863 2816 ad
2910 2767 3148 2814 eorum
3197 2748 3607 2814 custodiam.
4752 2755 4818 2815 20

1164 2858 1433 2937 Quinto
1483 2856 1790 2925 octobris
1838 2856 2067 2924 dictus
2112 2856 2429 2923 dominus
2476 2853 2832 2933 Obiectus,
2882 2852 3182 2920 obtentis
3213 2854 3417 2921 dictis
3450 2853 3720 2921 duobus
3752 2855 4017 2935 castris,
4051 2875 4208 2922 com
4242 2877 4368 2923 suo
4410 2857 4713 2924 exercitu

986 2978 1217 3034 castra
1260 2965 1492 3053 posuit
1536 2963 1827 3054 Cornilij
1875 2985 1919 3030 a
1962 2964 2178 3052 longo
2223 2974 2477 3041 tamen,
2522 2960 2644 3028 ubi
2689 2960 2905 3027 multa
2952 2961 3209 3029 damna
3253 2962 3549 3048 recepit,
3582 2962 3908 3049 quoniam
3939 2975 4240 3030 castrum
4273 2963 4515 3050 ipsum
4547 2984 4711 3052 gen-

985 3074 1166 3140 tibus
1211 3084 1284 3139 et
1328 3070 1823 3138 munitionibus
1868 3081 2020 3136 erat
2063 3069 2272 3135 valde
2316 3071 2674 3135 munitum.

1162 3181 1433 3247 Octavo
1480 3175 1789 3245 octobris
1835 3197 1994 3243 cum
2044 3176 2362 3243 dominus
2405 3175 2717 3241 Thomas
2762 3175 3074 3241 marchio
3105 3175 3391 3261 Sellucij
3428 3187 3611 3242 esset
3639 3175 3712 3239 in
3746 3176 3993 3241 castris
4040 3176 4445 3244 ducallibus
4479 3190 4709 3246 contra

986 3289 1316 3354 Sanctum
1366 3284 1790 3364 Secundum,
1837 3284 2047 3350 homo
2094 3282 2379 3370 quidem
2427 3282 2677 3360 audax,
2725 3282 2978 3370 dignus
3010 3292 3080 3347 et
3110 3279 3502 3368 placabilis,
3536 3295 3876 3371 cognatus
3905 3283 4182 3350 comitis
4213 3284 4593 3351 Vitalliani
4625 3286 4704 3351 de
4746 3283 4808 3348 25

985 3392 1412 3472 Bonromeis,
1463 3391 1745 3479 cognati
1810 3389 1982 3457 dicti
2029 3388 2290 3454 domini
2341 3388 2680 3455 Guidonis
2727 3400 2798 3454 et
2842 3387 3051 3453 amici
3098 3386 3529 3467 Rubeorum,
3577 3409 3620 3452 a
3664 3389 4041 3477 spingarda
4084 3411 4466 3475 percussus
4512 3393 4710 3457 vitam

986 3501 1209 3568 finivit
1253 3511 1324 3567 et
1367 3499 1675 3587 sepultus
1721 3497 1853 3564 fuit
1898 3496 1972 3562 in
2017 3495 2439 3563 monasterio
2475 3494 2715 3563 Sancti
2748 3492 3114 3561 Francisci
3146 3506 3339 3560 extra
3372 3494 3707 3561 Sanctum
3741 3495 4162 3562 Secundum.
4257 3497 4363 3563 De
4401 3517 4548 3586 quo
4581 3511 4707 3565 tam

987 3608 1249 3686 amicis,
1297 3628 1504 3695 quam
1549 3604 1847 3671 inimicis
1906 3603 2154 3670 doluit.
2245 3603 2336 3668 Et
2395 3602 2469 3668 in
2537 3602 2777 3669 castris
2837 3601 3227 3668 ducallibus
3272 3602 3434 3669 satis
3496 3603 3586 3669 de
3643 3623 3728 3670 eo
3790 3602 4267 3687 suspicabatur
4315 3604 4413 3672 ob
4462 3607 4708 3673 dictam

994 3715 1506 3804 cognationem.

1159 3821 1455 3888 Decimo
1503 3818 1810 3887 octobris
1855 3838 2091 3885 comes
2135 3815 2577 3903 Amphitrion
2624 3816 2717 3882 de
2760 3817 3056 3895 Tizan0‚
3105 3816 3228 3904 qui
3278 3816 3642 3903 colligatus
3688 3817 3922 3883 fuerat
3969 3837 4128 3882 com
4174 3820 4556 3906 magnifico
4586 3819 4699 3885 do·
4740 3820 4806 3882 30

983 3931 1172 3997 mino
1221 3928 1547 3996 Guidone
1593 3924 1870 4003 Rubeo‚
1918 3925 2007 3991 ab
2054 3944 2140 3990 eo
2173 3932 2244 3990 et
2274 3936 2476 4010 patre
2508 3924 2801 4002 adiutu8‚
2835 3946 2921 3990 ne
2954 3923 3298 3990 Tizanum
3331 3923 3407 3987 in
3436 3944 3682 3988 manus
3711 3922 4294 3992 Pallavicinorum
4327 3926 4707 4001 deveniret,

987 4037 1237 4104 videns
1268 4056 1383 4102 res
1413 4031 1823 4101 Rubeorum
1868 4031 1941 4096 in
1988 4030 2399 4097 deteriorem
2445 4041 2721 4116 partem
2770 4031 3030 4109 venire,
3078 4050 3154 4095 se
3203 4029 3661 4096 concordavit
3693 4051 3848 4097 com
3883 4040 4066 4097 statu
4110 4031 4514 4099 Mediolani
4548 4045 4615 4098 et
4644 4051 4708 4095 se

984 4156 1056 4211 et
1099 4154 1340 4231 gentes
1383 4162 1542 4207 suas
1590 4138 1923 4205 conduxit
1967 4137 2041 4203 in
2091 4134 2330 4203 castris
2375 4137 2639 4204 domini
2671 4135 2948 4203 Obiecti
2979 4148 3225 4203 contra
3255 4137 3662 4214 Cornilium,
3712 4135 4073 4203 discurens
4117 4160 4242 4223 per
4288 4140 4704 4205 territorium

985 4248 1252 4317 domini
1303 4247 1666 4324 Guidonis,
1714 4244 2026 4311 homines
2072 4256 2143 4311 et
2187 4243 2444 4310 bestias
2493 4242 2912 4330 captivando
2960 4254 3205 4310 contra
3249 4244 3459 4310 fidem
3505 4263 3734 4320 suam;
3771 4254 3844 4308 et
3874 4243 4096 4329 quiin
4126 4243 4318 4310 brevi
4355 4266 4398 4309 a
4431 4245 4708 4312 Venetis

983 4357 1402 4444 stipendium
1448 4352 1754 4420 notabile
1799 4362 2189 4437 sumpturus
2236 4362 2405 4415 erat.
4740 4344 4804 4413 35

1169 4459 1603 4528 Duodecimo
1653 4456 1955 4525 octobris
2001 4478 2158 4524 cum
2206 4456 2548 4524 exercitus
2594 4457 2886 4523 ducallis
2942 4457 3082 4545 jam
3147 4457 3523 4523 desicasset
3584 4478 3798 4544 aquas
3859 4458 4219 4524 fovearum
4266 4470 4338 4523 et
4381 4458 4706 4524 Tarronis

982 4570 1235 4637 mortui
1280 4568 1468 4634 circa
1519 4566 1850 4634 Sanctum
1897 4564 2292 4633 Secundum
2355 4575 2426 4630 et
2487 4576 2701 4631 totam
2749 4561 3004 4630 circam
3067 4585 3319 4630 novam
3382 4577 3454 4630 et
3513 4584 3761 4652 ageres
3822 4564 4003 4630 illius
4067 4564 4203 4631 loci
4265 4586 4513 4632 omnes
4560 4586 4700 4632 com

980 4674 1365 4743 bombarda
1410 4673 1864 4760 explanasset,
1911 4690 2073 4737 arce
2116 4671 2476 4756 perforata
2519 4682 2592 4736 et
2634 4670 2816 4736 intus
2860 4671 3088 4738 multis
3136 4671 3402 4750 occisis,
3449 4672 3772 4759 veletque
3817 4671 4126 4738 ultimate
4157 4673 4458 4758 prelium
4504 4674 4702 4738 infer-

980 4804 1079 4862 re,
1128 4779 1582 4848 cohadunatis
1627 4777 1905 4844 infinitis
1949 4775 2310 4842 rurallibus
2356 4788 2427 4842 et
2475 4775 2738 4843 civibus
2784 4777 2987 4843 trium
3031 4778 3503 4863 squadrarum,
3549 4778 3944 4865 paratisque
3998 4779 4247 4858 scallis,
4309 4779 4587 4846 fassinis
4641 4791 4700 4841 et

984 4888 1139 4978 aliis
1195 4887 1427 4953 multis
1487 4884 1579 4952 ad
1641 4884 2070 4951 obsidionem
2132 4895 2202 4949 et
2248 4882 2622 4949 victoriam
2683 4883 2879 4969 aptis,
2940 4896 3015 4949 ut
3077 4895 3375 4950 castrum
3421 4884 3644 4971 ipsum
3691 4884 4094 4951 ditissimum
4138 4885 4600 4972 stipendiarijs
4642 4883 4702 4947 in
4739 4881 4803 4944 40

980 4994 1272 5081 predam
1317 4995 1618 5071 daretur,
1667 4992 2034 5076 forentque
2079 4989 2391 5055 homines
2438 4989 2607 5056 dicti
2653 4990 2789 5056 loci
2835 4991 3201 5077 desperati,
3249 4990 3431 5057 male
3463 4990 3794 5076 dispositi,
3825 5011 3960 5058 nec
3991 4991 4308 5058 videntes
4351 4992 4537 5058 viam
4579 4991 4698 5056 sal-

985 5101 1177 5178 lutis3
1227 5112 1298 5166 et
1343 5119 1499 5165 cum
1561 5117 1923 5164 succursus
1979 5097 2125 5185 jam
2169 5095 2289 5161 diu
2334 5109 2739 5182 expectatus
2786 5118 2828 5161 a
2872 5097 3161 5164 Venetis
3206 5098 3595 5165 nullatenus
3654 5098 4027 5178 videretur,
4086 5099 4364 5186 jamque
4417 5112 4698 5165 castrum

985 5208 1205 5294 ipsum
1251 5216 1685 5293 expectasset
1728 5203 1902 5268 ictus
1945 5201 2477 5270 bombardarum
2524 5203 2712 5270 mille
2759 5225 2880 5269 sex
2943 5217 3219 5270 centum
3280 5205 3521 5293 viginti
3565 5218 3884 5294 quatuor:
3933 5207 4338 5294 magnificus
4401 5206 4698 5274 dominus

988 5313 1218 5381 Guido
1267 5313 1355 5379 de
1401 5310 1689 5388 Rubeis,
1738 5308 1984 5375 amisso
2029 5322 2248 5396 patre,
2295 5309 2625 5376 ammissis
2656 5324 2758 5378 tot
2788 5311 3025 5378 castris
3057 5324 3127 5379 et
3152 5312 3296 5401 jam
3344 5314 3765 5400 consumptis
3810 5315 3902 5379 de
3946 5314 4247 5405 proprijs
4278 5316 4505 5380 aureis
4548 5333 4697 5400 qua-

993 5420 1315 5506 draginta
1359 5417 1545 5482 mille
1590 5429 1661 5483 et
1704 5414 1902 5495 ultra,
1949 5417 2189 5482 volens
2234 5418 2442 5483 fidem
2489 5417 2705 5483 semel
2751 5418 3038 5485 Venetis
3084 5419 3316 5485 datam
3362 5419 3758 5485 eternaliter
3804 5441 4105 5499 servare,
4136 5441 4278 5487 non
4326 5440 4575 5486 curans
4614 5418 4693 5484 de
4733 5414 4794 5479 45

1004 5523 1435 5589 ammissione
1483 5522 1719 5589 Sancti
1753 5520 2078 5601 Secundi,
2112 5534 2318 5588 nocte
2351 5523 2488 5588 diei
2521 5524 2984 5610 suprascripti,
3033 5544 3187 5589 com
3234 5523 3504 5611 paucis'
3537 5538 3769 5591 tamen
3799 5525 3928 5592 sibi
3958 5525 4275 5593 fidelibus
4321 5526 4594 5592 armatis
4635 5536 4696 5588 et

989 5627 1350 5706 alacribuS,
1384 5628 1664 5713 sumptis
1693 5627 1894 5694 bonis
1922 5629 2061 5694 suis
2090 5627 2617 5714 preciosoribus,
2649 5630 3006 5716 temptavit
3033 5652 3109 5696 se
3143 5631 3374 5697 levare
3408 5651 3496 5698 ex
3528 5632 3787 5699 Sancto
3821 5632 4173 5711 Secundo,
4222 5654 4311 5698 ne
4358 5632 4432 5699 in
4479 5651 4696 5697 manus

993 5733 1425 5800 inimicorum
1473 5734 1775 5810 caderet,
1821 5745 2027 5817 prout
2072 5752 2358 5799 necesse
2405 5747 2571 5799 erat.
2664 5735 2900 5820 Eques
2942 5736 3082 5824 jam
3128 5747 3474 5803 transacta
3519 5757 3724 5822 super
3768 5737 4089 5803 navicula
4131 5737 4346 5804 fovea
4379 5739 4556 5804 arcis
4583 5734 4691 5801 sub

990 5839 1288 5905 sillentio
1337 5860 1493 5904 cum
1537 5838 1964 5923 pervenisset
2008 5839 2100 5904 ad
2146 5841 2445 5925 quodam
2500 5841 2781 5905 foveum
2842 5860 2971 5926 per
3031 5841 3343 5908 inimicos
3404 5841 3815 5909 fabricatum
3876 5855 3946 5907 et
4005 5864 4213 5929 super
4275 5863 4364 5910 eo
4428 5858 4691 5931 pontem

995 5945 1383 6012 breviorem
1429 5943 1651 6031 proici
1698 5943 1996 6025 fecisset,
2045 5963 2258 6031 eques
2302 5944 2373 6010 in
2417 5947 2693 6013 foveam
2755 5946 3037 6027 decidit,
3099 5948 3555 6036 strepitusque
3603 5971 3646 6014 a
3690 5948 4088 6016 custodibus
4148 5961 4528 6019 castrorum
4582 5949 4692 6015 du·
4730 5942 4792 6007 50
