4895 7066
560 1432 749 1472 &252⁹

505 3878 684 3923 c.26r

455 4093 609 4144 Mum,
639 4093 722 4135 280

907 381 1005 463 26
2054 478 2055 483 Ν
2213 385 2689 469 CRONICA
2748 386 3335 469 GESTORUM
4011 400 4120 477 [A.
4162 401 4325 464 1478
4366 404 4614 479 giugno]

2005 543 2132 554 ..ου-...οι-

2599 545 3203 556 οκ--κοοκ--κοακηι-..η-κω-οο-οκ-ωοα

897 669 1156 725 serunt.
1249 653 1523 735 Quibus
1569 655 1864 743 ellapsis,
1911 677 2069 723 cum
2117 657 2307 723 fama
2353 657 2848 747 divulgaretur,
2911 659 3103 745 quod
3149 659 3478 725 demones
3523 657 3748 745 ipsum
3813 679 4070 745 corpus
4132 657 4620 733 observabant,

898 764 1032 849 ipsi
1076 763 1275 850 pueri
1318 763 1495 831 illud
1539 785 1583 829 a
1627 764 1950 849 sepulcro
1996 764 2419 843 evulserunt,
2468 764 2700 830 denuo
2746 785 2903 832 com
2952 764 3150 831 dicto
3194 764 3445 852 laqueo
3490 765 3664 831 illud
3711 765 4060 832 trahentes
4103 785 4231 852 per
4265 766 4623 831 civitatem

900 880 968 936 et
1016 870 1294 936 demum
1344 889 1432 936 ex
1474 881 1688 956 ponte
1735 869 1807 935 in
1852 869 2129 936 flumine
2174 868 2350 935 Arni
2394 870 2864 956 proiecerunt,
2912 871 3105 958 quod
3146 871 3442 957 amplius
3474 892 3517 937 a
3548 871 3740 937 nullo
3774 872 3994 937 visum
4039 872 4192 938 fuit.
4286 870 4625 938 Creditur

894 977 1080 1042 enim
1128 998 1382 1063 corpus
1430 998 1588 1044 com
1632 976 1876 1077 anima,
1905 977 1997 1042 ad
2044 976 2255 1043 Dittis
2304 975 2650 1043 civitatem
2716 977 3153 1063 deportatum
3216 977 3451 1045 fuisse.
3543 977 3958 1045 Laurentius
4019 979 4380 1064 predictus
4443 978 4626 1042 mul-

892 1082 982 1149 tis
1029 1083 1278 1150 diebus
1320 1083 1582 1170 populo
1629 1084 1721 1149 ad
1767 1084 1914 1150 eius
1962 1085 2239 1151 domum
2286 1084 2360 1147 in
2408 1084 2672 1150 auxilio
2735 1087 3141 1151 concurenti
3202 1104 3540 1170 expensas
3595 1085 3888 1152 cibarias
3948 1085 4227 1172 publice
4274 1098 4346 1154 et
4394 1083 4623 1150 abun·
4719 1083 4770 1147 5

895 1191 1146 1260 danter
1188 1192 1386 1259 fecit.
1478 1192 1569 1258 Et
1609 1190 1751 1278 jam
1798 1191 2009 1257 multe
2053 1201 2300 1278 gentes
2345 1190 2722 1258 veniebant
2767 1214 2811 1258 a
2855 1191 3149 1258 diversis
3179 1193 3358 1259 locis
3401 1193 3474 1258 in
3520 1193 3852 1259 auxilium
3885 1193 4130 1259 horum
4175 1193 4622 1278 proditorum

890 1318 1021 1383 pro
1068 1299 1484 1384 occupanda
1526 1296 1722 1377 urbe,
1769 1317 1904 1384 que
1951 1296 2325 1363 sentientes
2371 1297 2839 1383 proditionem
2886 1319 3029 1364 non
3072 1286 3423 1365 habuisse
3457 1300 3686 1364 locum
3733 1297 4141 1387 retrogressi
4187 1311 4365 1364 sunt.
4459 1298 4625 1362 Hoc

899 1404 1277 1472 sentientes
1320 1404 1815 1483 BononienseS,
1867 1402 2119 1469 Veneti
2165 1417 2233 1470 et
2294 1402 2752 1470 illustrissimi'
2801 1405 3017 1470 duces
3061 1404 3470 1483 Mediolani,
3518 1418 3761 1494 gentes
3823 1405 4049 1472 subito
4112 1406 4480 1471 misserunt
4547 1405 4623 1469 in

887 1512 1221 1577 auxilium
1280 1511 1634 1599 Laurentij
1695 1509 1989 1577 Medici.
2083 1509 2227 1576 Sed
2274 1511 2438 1597 quia
2484 1510 2726 1578 civitas
2769 1524 3021 1597 pacata
3065 1523 3168 1577 est
3215 1523 3286 1578 et
3332 1512 3400 1577 in
3447 1532 3530 1577 ea
3576 1513 3808 1578 nullus
3853 1512 4183 1578 remansit
4228 1534 4319 1578 ex
4362 1511 4622 1577 adver-

887 1619 1086 1708 sarijs
1131 1619 1271 1683 suis
1318 1631 1388 1684 et
1433 1615 1892 1704 complicibus
1938 1617 2110 1683 dicti
2154 1616 2581 1697 tradimenti,
2627 1617 2914 1684 ulterius
2958 1630 3203 1706 gentes
3250 1618 3400 1705 ipse
3445 1639 3588 1684 non
3631 1631 4179 1707 progresserunt.
4679 1620 4770 1682 10

1070 1725 1390 1792 Summus
1436 1736 1667 1792 autem
1713 1724 2037 1811 pontifex
2081 1726 2216 1790 hec
2262 1735 2462 1812 gesta
2504 1725 2577 1790 in
2624 1725 2936 1792 favorem
2982 1725 3339 1813 Laurentij
3389 1725 3662 1792 Medici
3705 1748 3870 1815 egre
3919 1726 4156 1793 ferens
4200 1738 4272 1794 et
4315 1726 4619 1791 maxime

889 1831 981 1898 ob
1029 1832 1573 1918 detemptionem
1619 1831 1995 1899 cardinalis
2039 1832 2313 1917 nepotis
2356 1831 2462 1896 sui
2509 1843 2580 1898 et
2626 1829 2716 1897 ob
2762 1843 3055 1899 mortem
3126 1832 3295 1900 dicti
3349 1832 3889 1920 archiepiscopi,
3944 1833 4272 1920 spoliavit
4329 1833 4620 1900 bancha

892 1940 1124 2006 omnia
1170 1939 1725 2007 Florentinorum
1775 1939 2141 2005 existentia
2182 1938 2411 2004 Rome
2457 1939 2774 2030 pecunijs
2818 1959 3054 2005 eorum
3098 1951 3170 2007 et
3215 1940 3404 2006 idem
3453 1940 3632 2007 fecit
3677 1962 3803 2005 rex
3846 1940 4340 2008 Ferdinandus
4385 1939 4462 2005 in
4511 1940 4617 2006 ci·-

888 2048 1104 2113 vitate
1150 2045 1511 2132 Neapolis.
1603 2043 1913 2112 Romani
1961 2056 2187 2112 autem
2235 2045 2532 2112 maxime
2579 2044 2888 2111 benivoli
2936 2046 3107 2113 dicti
3151 2045 3510 2134 Laurentij
3559 2047 4078 2134 permollestum
4109 2047 4500 2114 habuerunt
4539 2047 4615 2113 id

885 2166 1156 2242 gestum
1203 2153 1450 2219 summi
1496 2152 1846 2239 pontificis
1893 2163 1963 2217 et
2008 2162 2154 2217 tota
2196 2150 2362 2217 urbs
2405 2150 2766 2218 sublevata
2811 2164 2961 2218 erat
3003 2152 3077 2217 in
3122 2163 3408 2231 tantum,
3456 2154 3650 2239 quod
3710 2153 4032 2240 pontifex
4075 2174 4151 2220 se
4196 2153 4474 2220 reduxit
4539 2154 4612 2218 in
4672 2153 4756 2218 15

887 2271 1116 2327 castro
1166 2260 1407 2327 Sancti
1452 2256 1729 2347 Angeli.
1820 2256 2273 2326 Postmodum
2318 2258 2685 2326 interdixit
2731 2258 3087 2326 civitatem
3135 2258 3514 2338 Florentie,
3565 2259 3678 2325 cui
3722 2259 3981 2327 bellum
4027 2259 4283 2327 indixit
4328 2273 4400 2327 et
4446 2280 4615 2347 pre-

881 2367 1172 2452 paravit,
1219 2379 1298 2433 ut
1344 2367 1527 2432 infra
1571 2365 1867 2432 dicetur.

1065 2474 1334 2541 Eodem
1377 2493 1563 2539 anno
1618 2470 1784 2542 1478
1828 2471 1923 2537 'de
1970 2493 2208 2540 mense
2271 2471 2446 2563 junij
2496 2492 2733 2539 comes
2799 2472 3202 2540 Ludovicus
3270 2474 3359 2540 de
3429 2473 3735 2563 Valerijs
3800 2473 4189 2540 Mediolani
4233 2473 4610 2562 relegatus,

881 2600 1048 2668 egre
1093 2581 1329 2647 ferens
1373 2579 1608 2646 tallem
1655 2578 2178 2666 relegationem,
2226 2601 2270 2645 a
2313 2599 2453 2666 qua
2497 2580 2709 2645 semel
2742 2579 3069 2646 liberatus
3115 2581 3364 2660 fuerat,
3395 2582 3523 2646 sed
3554 2580 3644 2647 ob
3676 2581 3824 2646 eius
3858 2580 4193 2647 demerita
4236 2580 4311 2645 in
4359 2581 4612 2646 eadem

883 2707 1200 2753 reversus
1246 2688 1500 2766 fuerat,
1547 2696 1757 2773 prout
1803 2705 2014 2771 supra
2058 2697 2408 2751 narratum
2454 2697 2578 2764 est,
2626 2685 2900 2772 culpam
2948 2686 3264 2753 inferens
3309 2687 3591 2789 domino
3635 2686 4108 2777 gubernatori,
4156 2687 4347 2774 quod
4394 2705 4610 2751 causa
4659 2689 4752 2750 20

886 2795 1117 2862 fuerat
1158 2794 1342 2862 tallis
1387 2792 1803 2863 reversionis
1849 2803 1920 2859 et
1958 2791 2099 2879 jam
2146 2792 2451 2859 solverat
2519 2786 2737 2859 ratam
2805 2791 2939 2858 sibi
3008 2804 3313 2860 taxatam
3357 2815 3488 2880 pro
3535 2794 3969 2861 restitutione
4029 2792 4390 2859 sacomani
4450 2792 4610 2858 Ru-

880 2901 1194 2980 beorum,
1239 2900 1595 2968 accusavit
1640 2900 1901 2966 dictum
1947 2897 2502 2987 gubernatorem,
2549 2900 2739 2986 quod
2782 2900 3201 2968 liberaverat
3243 2900 3583 2967 Lazarum
3617 2900 4036 2967 Fulchinum
4065 2921 4278 2965 unum
4313 2921 4402 2966 ex
4433 2920 4608 2967 con·-

880 3007 1333 3093 spiratoribus
1379 3018 1625 3073 contra
1671 3025 1848 3085 eum,
1894 3005 2197 3091 receptis
2243 3003 2331 3070 ab
2379 3025 2464 3070 eo
2511 3005 2840 3073 trecentis
2884 3006 3134 3085 aureis,
3184 3007 3248 3071 ei
3296 3007 3505 3072 etiam
3552 3005 3930 3085 ascribens,
3978 3007 4170 3094 quod
4198 3006 4272 3071 in
4320 3006 4609 3093 quibus-

875 3115 1037 3180 dam
1084 3115 1238 3203 alijs
1285 3112 1748 3191 aberraverat,
1795 3111 1887 3178 ad
1931 3111 2066 3178 hoc
2114 3112 2317 3177 etiam
2364 3132 2732 3197 persuasus
2775 3135 2818 3178 a
2866 3112 3152 3179 domino
3197 3112 3519 3201 johanne
3566 3114 3657 3180 de
3702 3112 4041 3200 Scipiono
4073 3112 4352 3180 fautore
4396 3114 4609 3179 trium

874 3222 1347 3308 squadrarum.
1439 3220 1540 3287 Ut
1584 3230 1814 3286 autem
1861 3217 2299 3284 illustrissimi
2347 3218 2611 3284 domini
2659 3219 2874 3286 duces
2918 3219 3306 3285 Mediolani
3374 3219 3637 3308 negotij
3687 3220 3889 3286 huius
3934 3220 4302 3287 veritatem
4347 3220 4605 3307 digno-
4653 3218 4745 3283 25

875 3338 1176 3406 scerent,
1223 3337 1654 3393 vocaverunt
1697 3323 2179 3391 Mediolanum
2228 3323 2710 3393 Sebastianum
2755 3325 3240 3416 Bergonzium,
3288 3327 3405 3413 qui
3454 3326 3872 3393 causabatur
3903 3326 4130 3394 dictos
4160 3346 4409 3393 aureos
4441 3348 4607 3412 per-

876 3434 1163 3501 solvisse
1210 3447 1279 3500 et
1326 3433 1695 3499 nonnullos
1740 3431 1917 3498 alios
1962 3431 2168 3499 cives.
2263 3429 2537 3508 Quibus
2585 3433 3018 3512 examinatis,
3063 3447 3415 3518 repertum
3464 3446 3568 3499 est
3613 3435 3838 3520 ipsum
3883 3431 4417 3523 gubernatorem
4449 3453 4605 3500 esse

873 3542 1306 3628 insomptem.
1399 3541 1564 3619 Qua
1610 3560 1695 3606 ex
1741 3560 1949 3605 causa
1994 3537 2121 3604 sub
2170 3538 2408 3606 colore
2454 3526 2773 3607 mittendi
2834 3540 3096 3608 dictum
3157 3541 3515 3607 dominum
3560 3541 3954 3629 Johannem
4000 3540 4091 3606 de
4139 3539 4480 3626 Scipiono
4528 3542 4606 3606 in

872 3649 1115 3714 castris
1161 3647 1604 3724 Florentinis,
1650 3668 1785 3734 que
1833 3644 2272 3732 parabantur,
2320 3646 2542 3732 ipsum
2590 3646 2829 3713 venire
2894 3647 3218 3713 fecerunt
3277 3647 3352 3712 in
3398 3657 3589 3712 terra
3632 3646 3851 3735 Burgi
3897 3646 4117 3713 sancti
4161 3646 4422 3712 Donini
4485 3668 4615 3733 pa-

874 3755 1005 3820 tria
1049 3777 1190 3833 sua,
1241 3773 1325 3820 ea
1370 3767 1603 3820 tamen
1651 3752 2051 3831 intentione,
2099 3752 2290 3839 quod
2334 3752 2630 3838 amplius
2674 3772 2814 3818 non
2860 3752 3347 3842 ingrederetur
3391 3753 3467 3818 in
3516 3752 3805 3819 consilio
3852 3764 4066 3819 status
4112 3753 4205 3818 ob
4238 3753 4392 3820 eius
4435 3773 4604 3839 par-
4649 3756 4743 3820 :30

871 3858 1223 3929 tialitates'
1272 3873 1344 3927 et
1389 3880 1748 3946 expressas
1797 3857 2243 3926 temeritates,
2338 3859 2483 3938 Qui
2527 3859 2776 3925 videns
2822 3880 2895 3926 se
2942 3858 3292 3945 privatum
3355 3871 3546 3925 tanto
3608 3860 3897 3939 honore,
3960 3860 4308 3948 egrotavit
4366 3860 4604 3927 multis

873 3967 1122 4034 diebus
1165 3979 1235 4034 et
1278 3968 1396 4033 vix
1443 3966 1655 4032 vitam
1704 3965 1941 4033 evasit.
2035 3965 2128 4031 Et
2155 3963 2296 4052 jam
2328 3964 2652 4054 gentibus
2681 3965 3044 4033 ducalibus
3073 3965 3589 4032 transeuntibus
3620 3967 3819 4053 alpes
3861 3986 4100 4033 versus
4147 3965 4603 4043 Florentiam,

876 4074 1028 4161 ipse
1062 4087 1131 4141 et
1163 4074 1483 4141 dominus
1510 4073 1872 4159 Johannes
1899 4070 2206 4157 Jacobus
2237 4072 2327 4137 de
2357 4071 2705 4137 Trivultio
2735 4070 2913 4137 alius
2944 4093 3035 4136 ex
3067 4071 3483 4161 consiliarijs
3513 4083 3730 4138 status
3760 4070 4202 4152 Mediolani,'
4235 4074 4603 4158 prefectus

868 4181 1008 4247 fuit
1055 4180 1265 4247 dictis
1306 4177 1657 4278 gentibus.
1750 4178 1842 4244 Et
1885 4199 2043 4245 cum
2102 4189 2351 4264 postea
2412 4189 2644 4245 essent
2705 4178 2777 4243 in
2841 4178 3122 4244 civitate
3184 4176 3488 4245 Cortone
3547 4178 3832 4257 Tuscie,
3895 4177 4148 4245 iterum
4208 4178 4464 4245 recidit
4527 4180 4602 4243 in

869 4287 1325 4376 egrotationess
1369 4286 1720 4372 vitamque
1764 4284 1862 4350 ibi
1908 4284 2131 4350 finivit
2177 4284 2511 4371 vigesimo
2559 4285 2801 4372 quinto
2844 4283 3024 4374 jullij
3073 4284 3237 4349 anni
3281 4285 3589 4370 predicti
3643 4283 3833 4356 1478.
3925 4285 4017 4352 Et
4061 4285 4200 4351 hoc
4232 4285 4369 4352 fuit
4400 4285 4600 4352 aliud
4648 4284 4738 4351 35

870 4394 1183 4460 divinum
1226 4392 1585 4484 judicium,
1634 4389 1800 4477 quia
1846 4410 2122 4477 semper
2168 4390 2484 4457 indebite
2530 4392 2806 4456 faverat
2851 4391 3056 4456 dictis
3101 4390 3323 4457 tribus
3390 4391 3729 4478 squadris,
3775 4391 4222 4478 prohibendo
4264 4390 4600 4480 justitiam

872 4501 1030 4565 fieri*
1064 4513 1136 4567 et
1182 4511 1334 4567 erat
1378 4498 1682 4585 ipsarum
1729 4497 1931 4563 trium
1994 4497 2450 4584 squadrarum
2497 4493 2818 4563 colomna
2878 4508 2948 4562 et
3007 4498 3416 4583 proctectio,
3467 4497 3661 4563 cuius
3707 4510 4004 4564 mortem
4051 4497 4604 4585 deploraverunt

866 4627 1022 4673 com
1060 4607 1540 4673 amaritudine.
1633 4604 1831 4671 Uxor
1877 4604 2027 4670 eius
2073 4615 2230 4689 post
2275 4625 2431 4669 eum
2481 4603 2783 4670 decessit
2826 4616 2896 4670 et
2943 4604 3266 4669 dominus
3311 4604 3674 4670 Nicollaus
3704 4606 3920 4672 frater
3951 4625 4113 4671 suus
4142 4605 4216 4670 in
4265 4605 4600 4672 conflictu

868 4713 1201 4800 Januensi
1247 4734 1291 4778 a
1335 4711 1636 4799 quodam
1680 4710 1938 4777 rustico
1986 4709 2441 4794 decapitatus‘
2476 4710 2609 4775 fuit
2654 4721 2725 4775 et
2768 4709 2868 4775 sic
2916 4710 3164 4776 domus
3210 4730 3335 4774 sua
3378 4710 3846 4797 precipitavit.

1040 4820 1310 4886 Eodem
1358 4838 1544 4884 anno
1600 4815 1765 4885 1478
1816 4818 1904 4884 de
1951 4835 2188 4882 mense
2229 4815 2430 4903 junij,
2478 4816 2804 4904 quoniam
2848 4816 3207 4902 prefactus
3251 4816 3572 4881 dominus
3616 4817 3927 4905 Jacobus
3971 4818 4384 4908 Bonarellus
4417 4817 4595 4885 Par·
4645 4821 4735 4884 40

846 4946 971 4992 -me
1015 4926 1463 5014 gubernator,
1510 4943 1715 5011 quem
1761 4934 1902 4990 tres
1945 4921 2246 5009 squadre
2294 4924 2484 4989 omni
2530 4923 2645 4988 via
2691 4922 3136 4988 nictebantur
3180 4922 3403 5008 ipsum
3447 4924 3761 4990 amoveri
3807 4946 3851 4990 a
3896 4923 4171 5004 Parma,
4200 4945 4280 4991 se
4327 4926 4594 5012 optime

862 5044 1173 5121 gesserat
1218 5031 1293 5096 in
1342 5030 1531 5096 dicta
1575 5028 2107 5117 gubernatione,
2154 5040 2360 5113 prout
2407 5049 2495 5095 ex
2539 5027 2857 5114 superius
2901 5028 3194 5094 narratis
3237 5028 3668 5115 intelligitur,
3704 5030 3971 5096 domini
4001 5031 4280 5099 ducissa
4327 5044 4400 5097 et
4451 5032 4599 5096 dux

865 5138 1250 5205 Mediolani
1297 5156 1427 5224 pro
1474 5136 1708 5222 aliqua
1753 5133 2311 5201 remuneratione
2360 5135 2511 5202 eius
2556 5133 2983 5220 scripserunt
3026 5134 3322 5200 antianis
3381 5134 3657 5215 Parme,
3723 5137 3914 5224 quod
3970 5138 4203 5204 eidem
4255 5139 4593 5224 provide-

861 5255 1017 5311 rent
1063 5244 1153 5310 de
1197 5244 1437 5330 aliquo
1483 5243 1689 5319 don0,
1750 5251 1959 5326 prout
2018 5238 2175 5325 alijs
2231 5242 2371 5306 suis
2431 5238 2947 5327 precessoribus
3007 5240 3356 5326 provisum
3415 5240 3767 5308 extiterat.
3863 5240 4008 5319 Qui
4069 5243 4337 5310 antiani
4398 5244 4595 5313 facto

861 5350 1045 5416 inter
1089 5370 1207 5418 eos
1252 5348 1511 5435 partito
1558 5367 1713 5414 com
1760 5345 1946 5411 fabis
1993 5357 2063 5411 et
2106 5346 2367 5425 fasolis,
2413 5346 2547 5414 sibi
2595 5335 3167 5412 condonaverunt
3210 5346 3298 5413 de
3347 5347 3621 5415 intratis
3674 5349 4059 5416 communis
4119 5350 4336 5417 libras
4395 5352 4592 5419 mille
4644 5353 4728 5418 45

862 5467 1158 5550 quatuor
1203 5467 1480 5522 centum
1525 5452 2007 5540 imperialium.
2099 5452 2281 5517 Nam
2331 5455 2764 5519 donaverant
2810 5452 3093 5519 domino
3139 5453 3465 5520 Tristano
3499 5453 3786 5521 Sforcie
3833 5456 4129 5524 ducatos
4174 5468 4590 5537 trecentum,

862 5560 981 5648 qui
1027 5561 1101 5626 in
1147 5561 1282 5627 hac
1329 5558 1609 5626 civitate
1641 5558 1816 5623 nihil
1848 5558 2268 5644 profecerat.
2358 5559 2532 5625 Ideo
2579 5557 2743 5624 huic
2772 5571 3017 5626 sancto
3048 5559 3314 5625 homini
3343 5560 3565 5626 visum
3611 5562 3747 5628 fuit
3775 5584 4028 5650 equum
4078 5562 4150 5627 in
4196 5563 4388 5650 pluri
4421 5585 4593 5632 con-

860 5668 1140 5744 donare,
1187 5666 1380 5754 quod
1427 5676 1781 5732 assecutus
1812 5684 1956 5730 non
1988 5664 2249 5744 fuisset,
2281 5666 2339 5730 si
2384 5675 2703 5753 repertus
2746 5664 2995 5732 fuisset
3047 5665 3120 5729 in
3167 5663 3549 5756 baratarijs,
3598 5668 3828 5736 eidem
3874 5681 3951 5737 ut
3994 5690 4204 5757 supra
4236 5672 4584 5759 ascriptis·

1038 5938 1127 5993 33.
1161 5924 1532 5995 consiliariis]
1568 5925 1968 5978 consularibus
2004 5926 2118 5978 ood-
