4895 7066
354 509 447 581 [A.
485 509 645 565 1481
690 507 912 579 aprile]
1538 499 1654 573 IN
1705 496 2222 574 PARTIBUS
2277 495 2913 570 LOMBARDIE
3982 495 4079 570 99

528 752 930 822 Undecimo
976 755 1251 843 aprillis
1310 758 1469 824 1481
1506 757 1777 845 scripsit
1821 756 2306 824 illustrissimus
2352 757 2667 824 dominus
2712 768 2945 825 noster
2995 756 3288 824 antianis
3332 770 3404 824 et
3451 756 3732 825 domino
3782 757 4085 846 Johanni

365 859 791 951 Advogadro
837 863 1173 950 deputato
1205 885 1416 951 super
1460 884 1642 932 novo
1689 864 1947 932 extimo
1991 864 2063 929 in
2093 863 2446 931 Parmensi
2494 862 2726 929 fiendo
2759 877 2828 930 et
2867 864 3012 952 jam
3041 864 3343 950 inceptO,
3378 864 3569 951 quod
3616 864 3908 952 amplius
3937 886 4080 934 non

366 969 539 1036 ultra
580 970 1010 1056 procedatur
1056 983 1130 1036 et
1176 972 1367 1059 quod
1408 971 1555 1058 ipse
1604 971 1919 1038 dominus
1964 970 2316 1058 Johannes
2374 982 2756 1036 revertatur
2800 968 3295 1037 Mediolanum.
3384 971 3477 1037 Et
3536 971 3674 1037 hoc
3718 972 4076 1057 processit,

368 1076 553 1162 quod
597 1076 919 1144 dominus
962 1077 1104 1143 dux
1149 1077 1430 1143 Ferarie
1477 1077 1783 1145 nollebat
1829 1077 2138 1144 extimari
2183 1076 2498 1144 homines
2543 1096 2704 1143 suos
2749 1076 2838 1142 de
2870 1076 3160 1144 Bersillo
3210 1089 3280 1143 et
3310 1076 3400 1142 de
3446 1076 3897 1145 castronovo.
3972 1078 4084 1146 Si-

292 1179 327 1247 5
364 1182 638 1248 milliter
681 1182 1048 1254 recusabat
1096 1203 1332 1250 comes
1373 1185 1619 1252 Petrus
1666 1184 1755 1251 de
1802 1183 2062 1252 Vermo
2106 1202 2236 1270 pro
2284 1180 2582 1269 Pupillio
2629 1195 2699 1249 et
2745 1181 2860 1273 alij
2909 1182 3100 1249 multi
3144 1181 3433 1261 nobiles,
3481 1203 3569 1248 ex
3615 1203 3753 1271 quo
3798 1184 4079 1254 ulterius

365 1307 502 1354 non
551 1302 655 1354 est
699 1308 1125 1376 processum.

535 1396 694 1461 Hac
739 1395 1023 1483 quidem
1067 1397 1183 1464 die
1228 1396 1455 1464 vocati
1502 1410 1657 1464 sunt
1702 1396 1957 1464 antiani
2007 1416 2164 1463 com
2209 1395 2665 1485 quadraginta
2707 1394 3047 1462 adiunctis
3078 1395 3314 1462 'coram
3346 1395 3917 1464 reverendissimo
3950 1398 4077 1466 do·

371 1502 550 1568 mino
600 1503 933 1591 episcopo
981 1516 1051 1571 et
1095 1504 1249 1595 alijs
1295 1503 1701 1585 offitialibus,
1747 1524 1876 1592 pro
1924 1502 2228 1572 subsidio
2261 1503 2497 1570 dando
2530 1515 2775 1570 contra
2802 1502 3124 1570 Turchos
3158 1516 3227 1570 et
3255 1522 3385 1590 pro
3415 1502 3628 1571 modo
3658 1503 4079 1574 inveniendo

373 1609 457 1674 ad
499 1608 731 1695 ipsum
774 1608 1171 1679 subsidium.

264 1717 328 1781 10
531 1715 669 1781 Die
714 1716 932 1808 xviiij.
966 1718 1246 1804 aprillis,
1276 1719 1569 1786 instante
1614 1718 2060 1785 illustrissimo
2093 1717 2373 1785 domino
2405 1729 2641 1785 nostro
2672 1715 2931 1783 habere
2963 1715 3338 1783 subsidium
3370 1716 3458 1784 ab
3492 1716 3625 1783 hac
3660 1717 4072 1786 comunitate

361 1841 480 1909 pro
512 1822 755 1889 dando
785 1824 936 1912 regi
978 1825 1423 1893 Ferdinando
1468 1838 1710 1892 contra
1753 1824 2106 1892 Turchos'
2156 1823 2525 1891 existentes
2570 1823 2642 1888 in
2686 1821 3003 1910 Apullea,
3036 1822 3262 1889 multis
3307 1823 3511 1890 factis
3544 1824 3916 1913 credentijs
3959 1846 4071 1891 su-

359 1929 672 2015 perinde,
719 1930 1002 2006 tandem
1047 1932 1178 1997 fuit
1222 1932 1634 2013 ordinatum,
1680 1932 1870 2019 quod
1915 1932 2163 1999 dentur
2209 1941 2371 1998 octo
2405 1928 2593 1997 mille
2640 1928 2834 2010 libre,
2868 1950 3154 2017 quarum
3188 1929 3567 1997 comanitas
3609 1930 3830 1997 solvat
3872 1952 4079 1998 unam

362 2034 629 2100 tertiam
673 2047 948 2122 partem
994 2048 1065 2103 et
1108 2037 1447 2125 reliquum
1491 2037 1799 2104 ruralles.
3019 2029 3024 2038 ’

527 2142 643 2207 Ea
688 2142 896 2208 etiam
942 2143 1057 2209 die
1103 2144 1193 2210 de
1238 2145 1562 2212 mandato
1611 2144 1866 2210 ducalli
1893 2143 2062 2233 jussi
2091 2155 2247 2210 sunt
2295 2143 2396 2210 ire
2442 2142 2921 2210 Mediolanum
2966 2154 3258 2230 quatuor
3305 2164 3392 2209 ex
3422 2141 3531 2209 his
3568 2155 3843 2209 centum
3870 2143 4070 2234 juve-

255 2245 319 2313 15
356 2245 576 2327 nibus,
625 2249 747 2335 qui
790 2249 1066 2316 insimul
1111 2251 1530 2318 consortium
1577 2264 1647 2317 et
1692 2251 2205 2340 colligationem
2251 2251 2568 2317 fecerant
2612 2269 2741 2336 pro
2787 2271 2864 2316 re
2911 2250 3044 2316 hac
3091 2249 3543 2338 intelligenda
3574 2262 3650 2316 et
3671 2251 4073 2319 resecanda.

354 2355 438 2419 Hi
485 2355 776 2442 quidem
822 2356 1001 2422 inter
1046 2357 1182 2424 alia
1228 2358 1713 2424 ordinaverant
1745 2358 2024 2425 domum
2055 2365 2393 2424 summere
2427 2358 2519 2423 ad
2552 2357 2870 2434 affictum,
2901 2356 2975 2422 in
3005 2377 3142 2444 qua
3172 2354 3459 2443 quilibet
3505 2376 3746 2423 eorum
3791 2355 4079 2425 haberet

354 2482 544 2526 arma
592 2482 739 2541 sua,
786 2463 1008 2530 silicet
1055 2465 1463 2543 corazinam,
1511 2478 1780 2550 sperum
1828 2477 1898 2532 et
1944 2464 2378 2543 celladinam,
2425 2463 2523 2529 ita
2568 2463 2756 2551 quod
2800 2482 2931 2549 pro
2979 2461 3289 2551 quolibet
3336 2482 3575 2529 eorum
3628 2463 3900 2530 offenso
3964 2484 4075 2529 re-

354 2568 517 2654 liqui
570 2590 770 2634 arma
816 2583 1148 2657 caperent
1195 2583 1264 2636 et
1307 2571 1683 2637 vindictam
1728 2571 2081 2638 facerent:
2131 2570 2320 2659 quod
2368 2568 2630 2636 civibus
2675 2584 2866 2635 recte
2912 2568 3299 2636 viventibus
3341 2568 3860 2656 permollestum
3906 2582 4073 2637 erat.

523 2675 663 2740 Die
714 2676 1066 2764 trigesimo
1114 2677 1371 2763 aprillis
1416 2677 1729 2745 discessit
1774 2699 1818 2743 a
1864 2677 2140 2744 civitate
2185 2677 2435 2744 Parme
2484 2688 2555 2742 et
2598 2675 2809 2765 redijt
2853 2675 3329 2742 Mediolanum
3359 2675 3675 2742 dominus
3716 2675 4074 2763 Johannes

240 2782 311 2845 20
348 2779 845 2869 Advogadms,
892 2783 1010 2870 qui
1054 2796 1340 2850 venerat
1381 2783 1701 2850 Parmam
1744 2804 1876 2871 pro
1920 2803 2103 2850 nova
2145 2783 2377 2850 fienda
2419 2782 2833 2870 provisione,
2883 2782 2993 2848 cui
3038 2782 3404 2848 sillentium
3452 2793 3555 2848 est
3599 2782 4010 2868 impositum.

523 2888 664 2954 Die
717 2889 917 2954 tertia
957 2888 1318 2957 Paschatis
1361 2890 1560 2957 huius
1605 2890 1856 2957 mensis
1899 2890 2507 2957 reverendissimus
2555 2888 2871 2956 dominus
2900 2888 3291 2955 Parmensis
3323 2888 3687 2976 episcopus
3716 2887 3864 2954 fieri
3893 2889 4066 2956 fecit

342 3015 553 3080 super
600 2995 905 3080 plateale
951 2997 1226 3063 maioris
1272 2997 1570 3064 ecclesie
1616 3018 1824 3084 super
1869 2995 2319 3064 tribunalibus
2365 2994 2819 3063 eminentibus
2862 2996 3116 3062 festum
3162 3007 3231 3061 et
3276 2995 3882 3062 demostrationem
3942 2995 4073 3085 hy-

339 3100 554 3168 storie
601 3099 843 3168 Abrae
891 3116 960 3170 et
1004 3103 1206 3169 Isach
1247 3103 1646 3194 ymollandi,
1694 3104 1812 3170 ubi
1859 3105 2011 3170 fere
2059 3103 2278 3171 omnis
2320 3103 2617 3189 populus
2660 3103 3006 3190 utriusque
3053 3123 3254 3168 sexus
3297 3101 3625 3168 interfuit.

521 3209 689 3276 Fuit
736 3209 845 3275 his
887 3209 1215 3296 proximis
1257 3210 1501 3277 diebus
1543 3210 1830 3278 Mantue
1893 3210 2209 3278 dominus
2269 3209 2609 3277 Hercules
2668 3208 2809 3275 dux
2867 3209 3172 3287 Ferarie,
3235 3221 3309 3275 ut
3367 3208 3672 3275 visitaret
3717 3208 4072 3275 dominum

216 3311 293 3378 25
337 3314 769 3381 Federicum
815 3314 1101 3383 Mantue
1146 3317 1615 3383 marchionem
1660 3316 1752 3384 ob
1796 3316 2248 3405 parentellam
2292 3317 2474 3383 inter
2519 3334 2640 3382 eos
2671 3316 3169 3394 contrhactam‚
3201 3313 3318 3381 ubi
3349 3315 3574 3381 honor
3604 3314 3935 3381 maximus
3967 3326 4072 3382 est

334 3420 467 3487 sibi
520 3422 776 3489 factus.
868 3423 1074 3488 Nunc
1121 3436 1349 3490 autem
1391 3423 1580 3489 idem
1623 3424 1932 3490 marchio
1979 3424 2168 3490 vadit
2214 3422 2587 3502 Ferariam,
2633 3422 2751 3488 ubi
2795 3422 3101 3510 ingentia
3145 3422 3326 3488 festa
3367 3433 3714 3508 parantur.

523 3526 887 3606 Quoniam
936 3551 1169 3597 comes
1212 3529 1558 3599 Marsilius
1601 3530 1925 3598 Torellus
1969 3552 2044 3598 se
2091 3553 2134 3597 a
2178 3529 2460 3597 domino
2507 3527 2803 3596 Marcho
2835 3529 2924 3596 de
2957 3528 3102 3618 Pijs
3126 3528 3215 3595 de
3250 3528 3483 3616 Carpo
3516 3528 3890 3618 deceptum
3924 3527 4067 3595 cla-

334 3636 536 3703 mitat
586 3635 682 3703 ob
729 3637 971 3725 fugam
1014 3658 1058 3702 a
1098 3637 1325 3726 Janua
1368 3639 1627 3704 factam
1674 3657 1855 3704 anno
1903 3657 2126 3717 curs0,
2170 3637 2356 3703 idem
2405 3656 2640 3704 comes
2682 3637 3041 3724 profectus
3087 3647 3190 3702 est
3233 3635 3605 3715 Ferariam,
3651 3647 3726 3702 ut
3771 3635 3938 3703 citet
3999 3647 4069 3703 et

332 3742 748 3829 interpellet
795 3743 1055 3811 dictum
1102 3744 1454 3810 dominum
1514 3744 1880 3811 Mar-chum
1941 3744 2033 3810 ad
2095 3743 2399 3810 duellum
2447 3742 2539 3810 ob
2585 3743 2794 3810 fidem
2854 3755 3127 3830 ruptam
3171 3742 3243 3808 in
3289 3742 3476 3809 dicta
3518 3742 3707 3831 tuga,
3753 3761 3882 3829 pro
3928 3761 4066 3830 quo

212 3848 288 3913 30
334 3849 784 3916 fideiusserat
829 3851 920 3917 de
966 3852 1190 3917 aureis
1235 3865 1502 3939 septem
1547 3852 1758 3932 mille,
1803 3863 1878 3918 ut
1923 3850 2234 3938 superius
2277 3862 2629 3917 narratum
2676 3862 2779 3917 est
2823 3869 3006 3916 anno
3056 3869 3276 3931 ωηο.

520 3957 689 4023 Hoc
734 3978 970 4023 mense
1016 3958 1278 4044 aprillis
1323 3959 1545 4026 levate
1590 3972 1745 4026 sunt
1789 3958 2155 4047 magnifico
2218 3956 2501 4023 domino
2559 3956 2988 4023 Petromarie
3035 3955 3124 4022 de
3170 3954 3438 4023 Rubeis
3498 3967 3653 4022 taxe
3710 3976 4064 4044 equorum,

332 4084 516 4150 quas
565 4062 872 4130 habebat
902 4064 994 4130 de
1024 4065 1534 4152 quatuorcentis
1565 4065 1758 4153 equis
1785 4066 1858 4131 in
1889 4065 2025 4131 suis
2056 4064 2288 4140 terris;
2324 4077 2394 4130 et
2423 4063 2697 4147 scripsit
2726 4062 3212 4129 illustrissimus
3245 4063 3560 4130 dominus
3588 4073 3842 4141 noster,
3876 4062 4065 4150 quod

332 4169 431 4234 de
480 4170 587 4235 eis
633 4169 889 4235 ducalli
940 4191 1214 4237 camere
1257 4172 1775 4258 respondeatur,
1823 4169 1914 4237 ob
1960 4170 2147 4258 quod
2193 4170 2381 4237 idem
2428 4170 2745 4236 dominus
2787 4168 3247 4237 Petrusmaria
3290 4167 3471 4234 male
3519 4179 3950 4236 contentatur
3997 4179 4067 4234 et

330 4276 619 4362 scripsit
664 4297 807 4342 non
852 4275 1285 4344 obediturum
1330 4290 1401 4344 et
1444 4278 1568 4343 has
1617 4278 1872 4344 litteras
1914 4296 2056 4344 non
2099 4276 2488 4363 procedere
2537 4276 2627 4342 de
2673 4286 2902 4341 mente
2947 4274 3297 4361 principis.

200 4378 281 4445 35
527 4379 699 4459 Quo
747 4382 953 4449 etiam
998 4405 1232 4450 mense
1280 4396 1490 4451 status
1533 4383 1918 4451 Mediolani
1963 4382 2306 4450 devastari
2336 4382 2511 4449 fecit
2553 4393 2839 4469 pontem
2874 4380 3174 4469 ligneum
3206 4380 3373 4447 alias
3402 4403 3530 4469 per
3563 4382 3813 4448 ducem
3844 4382 4062 4449 Fran-

332 4488 606 4556 ciscum
653 4489 918 4555 factum
965 4489 1292 4556 fabricari
1339 4491 1409 4555 in
1453 4490 1730 4556 flumine
1776 4490 1952 4557 Padi
1997 4508 2217 4576 prope
2265 4501 2336 4556 et
2378 4489 2559 4555 ultra
2602 4487 3028 4554 Placentiam
3073 4508 3201 4574 per
3245 4509 3453 4553 unum
3498 4487 3811 4569 milliare,
3843 4489 3962 4577 qui
3990 4488 4062 4554 in

335 4595 868 4663 constructione
916 4596 1218 4663 constitit
1263 4596 1546 4663 multum
1592 4608 1663 4662 et
1709 4609 1856 4663 erat
1899 4596 2264 4683 pulchrum
2311 4607 2382 4661 et
2424 4595 2639 4661 utille.

528 4699 886 4779 Quoniam
932 4723 1114 4770 anno
1159 4704 1469 4790 proximo
1502 4723 1704 4769 curso
1739 4703 2055 4771 dominus
2099 4702 2455 4791 Johannes
2486 4701 2898 4770 Franciscus
2926 4701 3388 4768 Pallavicinus
3419 4714 3682 4769 emerat
3713 4724 3756 4768 a
3802 4702 4059 4770 ducalli

278 4830 626 4878 „camera
672 4809 872 4875 villas
917 4809 1159 4898 Stagni
1202 4823 1271 4877 et
1315 4809 1649 4876 Tellaroli
1692 4830 1914 4896 prope
1961 4823 2031 4877 et
2080 4809 2253 4876 citra
2296 4808 2564 4876 Padum
2611 4808 3038 4875 confinantes
3096 4807 3650 4876 Rocheblanche
3710 4810 4060 4899 magnifici

57 4957 58 4960 =
186 4917 274 4980 40
327 4915 608 4982 domini
654 4914 1083 4982 Petrimarie'
1128 4915 1382 4997 Rubei,
1430 4938 1599 5005 quas
1658 4916 1858 4983 villas
1903 4937 1946 4981 a
1986 4913 2523 5002 precedentibus
2573 4912 2861 4980 ducibus
2906 4935 3278 5002 nomquam
3326 4915 3635 4982 obtinere
3696 4928 4050 5003 potuerat3

324 5034 401 5089 et
448 5043 620 5089 cum
668 5023 861 5089 multi
908 5045 996 5089 ex
1039 5022 1425 5090 hominibus
1470 5024 1768 5110 ipsarum
1813 5022 2129 5088 villarum
2175 5033 2403 5088 essent
2452 5020 2869 5088 devotissimi
2917 5020 3106 5088 dicto
3155 5021 3437 5088 domino
3474 5021 3921 5102 Petromarie,
3967 5043 4058 5091 ne

320 5130 441 5219 alij
498 5129 964 5210 subiacerent,
1011 5131 1149 5196 hoc
1194 5151 1431 5196 mense
1478 5129 1735 5216 aprillis
1783 5128 1968 5195 circa
1998 5130 2206 5195 finem
2237 5128 2478 5216 viginti
2524 5140 2664 5194 tres
2708 5128 2969 5194 familie
3002 5149 3089 5195 ex
3121 5140 3190 5195 et
3234 5129 3326 5196 de
3371 5129 3535 5216 ipsis
3577 5129 3755 5196 villis
3798 5130 4057 5197 disces-

321 5248 575 5304 serunt
624 5255 783 5303 com
840 5235 1047 5304 rebus
1105 5256 1364 5316 eorum,
1426 5236 1714 5303 deiectis
1774 5235 2089 5303 domibus
2133 5247 2204 5302 et
2250 5233 2749 5323 lignaminibus,
2800 5234 2995 5323 cupis
3055 5248 3125 5302 et
3186 5235 3508 5303 lateribus
3569 5237 3943 5324 exportatis
3985 5237 4057 5303 in

316 5343 917 5423 Rochablancha,
962 5342 1081 5409 ubi
1123 5343 1258 5411 illis
1301 5343 1649 5431 provisum
1683 5354 1787 5410 est
1815 5342 1904 5409 de
1936 5340 2254 5409 domibus
2285 5354 2356 5408 et
2385 5340 2778 5409 habitaculo
2808 5353 3095 5428 propter
3126 5361 3363 5409 eorum
3396 5342 3835 5411 devotionem
3865 5343 4058 5409 exhi-

178 5448 269 5515 45
325 5449 555 5517 bitam
602 5450 839 5516 domui
884 5449 1157 5518 Rubee.

514 5558 674 5624 Hoc
707 5557 915 5625 etiam
946 5579 1183 5624 mense
1232 5556 1489 5644 aprillis
1519 5567 1856 5624 venerunt
1886 5552 2093 5623 nova'
2124 5554 2466 5635 Parmam,
2498 5555 2819 5644 qualliter
2848 5555 3020 5623 Zovi
3051 5556 3333 5624 Cassam
3365 5567 3737 5643 acceperat
3766 5555 4054 5624 Turcho

324 5687 541 5731 unam
583 5664 969 5733 notabilem
1016 5664 1382 5743 civitatem,
1443 5664 1612 5732 alias
1671 5664 2087 5731 nominatam
2149 5663 2478 5742 Colchos,
2524 5683 2658 5751 que
2708 5674 2813 5730 est
2872 5662 3059 5729 aliud
3104 5662 3611 5741 Mediolanum3
3663 5675 3734 5731 et
3780 5662 3872 5731 ob
3916 5664 4055 5730 hoc

330 5772 577 5862 ingens
619 5774 806 5840 inter
853 5791 978 5839 eos
1020 5784 1300 5858 paratur
1343 5791 1616 5860 guerra.

502 5882 631 5950 Die
662 5892 869 5950 sexto
913 5899 1080 5968 may
1121 5879 1382 5945 reversi
1428 5890 1584 5946 sunt
1626 5876 1946 5944 Parmam
1992 5878 2091 5944 illi
2136 5890 2429 5966 quatuor
2456 5877 2744 5967 juvenes
2775 5877 3008 5945 vocati
3038 5876 3511 5945 Mediolanum
3541 5898 3670 5966 pro
3704 5877 4051 5945 consortio

211 5980 293 6048 50
336 5999 401 6055 et
437 5990 689 6058 unione
740 5987 1027 6053 illorum
1093 5996 1388 6065 centum,
1450 5984 1568 6073 qui
1624 5970 1897 6052 insimul
1959 5985 2539 6071 conspiraverant,
2586 5996 2662 6051 ut
2706 5984 3021 6071 superius
3083 5996 3187 6052 est
3244 5998 3613 6065 narratum,
3661 5985 3780 6074 qui
3828 5984 4045 6054 solum

4227 1846 4383 1900 uun..
4416 1846 4499 1891 ³70

4207 5577 4367 5628 Mun..
4391 5576 4471 5621 ³71
