4895 7066
561 1073 739 1106 &017

471 2129 626 2179 Μυκ..
658 2124 755 2174 274“

538 3634 578 3663 C.
610 3631 725 3664 219

428 5968 587 6022 Mun„
614 5969 696 6016 27⁵

892 458 991 533 22
2183 458 2664 533 CRONICA
2723 456 3313 534 GESTORUM
3973 474 4077 546 [A.
4118 476 4278 533 1478
4319 474 4610 549 gamain]

2514 610 2629 620 m
2678 610 4400 626 u—-mum-n-m--uo--mm-muu-nn-u-mannan-..mumm-mm

890 726 1079 793 mino
1125 726 1547 817 Raymondo
1592 727 1813 812 Lupo,
1860 723 2196 792 ambobus
2239 723 2725 792 Parmensibus
2769 736 2839 792 et
2885 727 2975 793 de
3026 726 3318 792 consilio
3365 739 3669 794 secreto:
3720 728 3845 795 sed
3892 729 4057 816 quia
4103 730 4433 798 volebant
4483 731 4610 795 hos

893 834 1218 904 denarios
1285 833 1635 899 sacomani
1701 832 2027 899 librarum
2095 832 2559 920 quadraginta
2627 831 2815 897 mille
2862 832 3036 898 solvi
3096 854 3226 918 per
3287 834 3778 902 comunitatem
3841 832 4115 916 Parme,
4162 857 4302 902 non
4371 838 4607 922 potuit

887 939 1298 1027 compositio
1344 941 1495 1005 fieri
1543 952 1613 1008 et
1659 941 1994 1006 durarunt
2053 939 2321 1025 pratice
2381 959 2599 1026 usque
2650 940 2740 1005 de
2787 960 3024 1004 mense
3069 940 3310 1030 marcij
3359 951 3603 1026 postea
3649 953 3912 1022 secut0,
3971 962 4110 1028 quo
4171 965 4413 1009 mense
4479 945 4607 1010 de-

890 1047 1219 1112 claratum
1266 1047 1401 1115 fuit
1444 1066 1569 1133 per
1610 1046 1965 1113 dominam
2012 1044 2411 1124 ducissam,'
2459 1046 2648 1112 cives
2682 1047 2774 1112 de
2804 1046 3020 1112 tribus
3050 1046 3374 1133 squadris
3404 1048 3717 1132 superius
3747 1046 4137 1135 nominatos
4167 1050 4444 1115 solvere
4479 1051 4606 1116 de-

886 1152 1089 1231 bere;
1138 1165 1207 1219 et
1255 1166 1498 1221 contra
1544 1173 1664 1220 eos
1708 1152 1843 1218 fuit
1889 1152 2256 1219 commissa
2303 1153 2649 1230 executio,
2695 1152 2906 1220 factis
2953 1153 3083 1219 sibi
3129 1152 3499 1239 preceptis,
3548 1154 3739 1239 quod
3793 1155 3983 1220 infra
4029 1178 4242 1221 unum
4287 1179 4604 1222 mensem
4691 1158 4724 1220 5

884 1260 1277 1345 proximum
1325 1261 1676 1326 solverent
1721 1271 1791 1327 et
1836 1257 2296 1325 fideiuberent
2342 1259 2433 1325 de
2481 1257 2816 1325 solvendo
2862 1260 2954 1326 ad
3001 1259 3078 1326 id
3124 1272 3413 1345 tempus.
3505 1260 3777 1326 Tamen
3821 1262 4013 1347 prius
4060 1264 4395 1329 carcerati
4447 1263 4606 1327 fue-

882 1377 1065 1446 runt,
1111 1367 1445 1433 videlicet
1487 1365 1876 1432 Mediolani
1939 1366 2011 1430 in
2073 1376 2304 1432 castro
2350 1364 2455 1429 illi
2502 1365 2618 1449 qui
2664 1365 2924 1432 ibidem
2973 1377 3169 1432 erant
3214 1366 3505 1453 relegati
3553 1378 3622 1432 et
3665 1368 3739 1431 hi
3786 1368 3905 1453 qui
3954 1378 4153 1433 erant
4214 1367 4471 1434 Parme
4533 1370 4606 1433 in

887 1473 1287 1540 carceribus
1333 1473 1733 1540 communis.
1824 1471 2146 1538 Tandem
2201 1470 2559 1537 solverunt
2618 1493 2836 1558 usque
2902 1473 2992 1538 ad
3047 1493 3381 1536 summam
3445 1472 3773 1538 librarum
3838 1474 4083 1539 decem
4146 1485 4410 1560 septem
4475 1476 4609 1540 mi-

879 1579 1067 1660 lium,
1116 1600 1251 1666 que
1320 1578 1688 1647 distribute
1756 1590 1916 1644 sunt
1959 1590 2030 1643 et
2075 1588 2431 1643 numerate
2478 1578 2553 1642 in
2600 1579 2946 1645 contantis
2992 1579 3455 1645 sacomanatis
3514 1601 3644 1665 pro
3689 1591 3839 1646 rata
3899 1581 4440 1669 uniuscuiusque
4461 1607 4482 1659 3
4535 1594 4606 1647 et

881 1684 1100 1772 aliqui
1149 1708 1236 1751 ex
1283 1685 1405 1764 eis,
1453 1685 1744 1751 maxime
1788 1684 2093 1772 Jacobus
2136 1683 2434 1772 Troyus‚
2484 1685 2853 1750 voluerunt
2884 1706 2928 1749 a
2955 1685 3417 1763 thexaurariO,
3454 1686 3564 1750 cui
3599 1686 3875 1752 nomine
3911 1708 4188 1752 camere
4235 1700 4599 1754 numerate
4655 1691 4728 1752 10

883 1802 1042 1858 sunt
1087 1793 1408 1879 pecunie,
1458 1792 1931 1859 confessiones
1974 1792 2050 1856 in
2097 1801 2290 1857 carta
2333 1791 2754 1870 membrana,
2805 1793 3120 1858 dicentes
3168 1813 3284 1857 eas
3329 1791 3485 1857 vele
3533 1792 3625 1858 ad
3657 1792 4059 1858 memoriam
4106 1792 4406 1860 filiorum
4438 1814 4604 1858 suo-

882 1920 1057 1977 rum,
1106 1899 1226 1986 qui
1268 1898 1610 1964 haberent
1653 1897 2011 1964 recordari
2058 1917 2133 1963 se
2182 1898 2407 1964 dictas
2452 1898 2783 1983 pecunias
2829 1898 3114 1964 solvisse
3160 1896 3449 1964 Rubeis.

1060 2005 1333 2072 Eodem
1378 2023 1613 2070 mense
1653 2003 1948 2091 januarij
2015 2004 2179 2069 dum
2242 2005 2376 2070 hec
2442 2004 2764 2070 executio
2812 2015 3164 2089 peteretur
3227 2016 3296 2071 et
3357 2016 3778 2071 tractaretur
3839 2007 3912 2071 in
3973 1994 4256 2074 civitate
4316 2007 4604 2073 Medio-

891 2110 1068 2190 lani,'
1120 2112 1437 2179 dominus
1503 2111 1896 2199 Jeronimus
1964 2111 2341 2176 Bernerius
2413 2122 2622 2198 caput
2691 2111 2996 2177 omnium
3045 2124 3113 2177 et
3159 2113 3274 2199 qui
3325 2123 3473 2178 erat
3523 2113 3930 2198 capitaneus
3988 2114 4255 2202 justitie
4315 2114 4600 2181 Medio-

880 2217 1024 2283 lani
1067 2219 1467 2304 procuravit
1512 2219 1701 2283 omni
1748 2217 1867 2283 via
1910 2239 2048 2304 qua
2092 2218 2316 2303 potuit
2364 2217 2671 2298 obviare,
2720 2238 2807 2282 ne
2851 2217 3152 2284 solveret
3217 2218 3868 2285 condemnationem
3928 2240 4121 2285 suam
4185 2222 4602 2287 ducatorum
4655 2222 4723 2285 15

880 2324 1067 2391 mille
1115 2325 1263 2391 auri
1310 2336 1380 2392 et
1425 2336 1757 2413 operatus
1804 2335 1906 2389 est
1953 2344 2109 2389 com
2154 2324 2534 2390 Francisco
2581 2324 2905 2413 Bayardo
2951 2324 3189 2411 spurio
3238 2337 3306 2391 et
3350 2325 3518 2391 licet
3564 2324 3820 2391 Rubeo
3869 2326 3957 2392 ab
4020 2327 4314 2416 origine,
4361 2340 4602 2393 tamen

878 2442 1231 2515 compatre
1294 2442 1363 2497 et
1423 2430 1998 2499 coniunctissimo
2061 2428 2135 2494 in
2180 2426 2489 2496 amicitia
2548 2431 2724 2496 dicti
2774 2430 3035 2497 domini
3077 2430 3442 2516 Jeronimi,
3491 2433 3681 2517 quod
3744 2431 3931 2499 idem
3976 2434 4416 2512 FranciscuS,
4479 2435 4597 2499 cui

887 2536 1263 2604 obvenerat
1306 2539 1401 2606 ad
1445 2549 1702 2604 sortem
1748 2549 1818 2603 et
1861 2536 2101 2602 brevia
2147 2537 2220 2601 in
2268 2536 2556 2603 consilio
2601 2537 2912 2626 generali
2957 2534 3228 2616 Parme,
3277 2537 3575 2602 officium
3636 2560 3991 2626 aquarum,
4055 2543 4245 2628 quod
4309 2542 4599 2626 quidam

886 2643 1061 2709 alius
1106 2644 1588 2711 incantaverat
1631 2643 2042 2723 Mediolani,
2088 2643 2444 2710 simulavit
2498 2664 2573 2711 se
2634 2644 3182 2730 supplicaturum
3248 2644 3525 2711 domine
3591 2645 3862 2712 ducisse
3923 2647 4337 2725 Mediolani,
4400 2649 4599 2734 quod

874 2748 1003 2815 sibi
1048 2750 1302 2816 iniuria
1346 2749 1558 2817 fiebat
1604 2762 1673 2816 et
1718 2750 2080 2837 requisivit
2123 2750 2375 2817 multos
2423 2752 2513 2817 de
2560 2751 2866 2837 squadra
2896 2750 3149 2816 Rubea
3179 2752 3273 2817 ad
3304 2749 3887 2836 subscriptionem
3919 2752 4105 2818 tallis
4135 2753 4591 2839 supplicatio·
4638 2756 4720 2817 20

878 2856 984 2921 nis
1029 2857 1100 2922 in
1147 2858 1292 2924 eius
1337 2859 1689 2934 favorem3
1741 2870 1812 2923 et
1857 2877 2170 2923 asserens
2216 2877 2360 2922 non
2414 2856 2672 2923 habere
2717 2870 2991 2941 tempus
3036 2857 3326 2923 notandi
3387 2858 3604 2943 ipsam
3666 2858 4272 2944 supplicationem,
4335 2860 4435 2925 eis
4500 2861 4592 2925 de

873 2966 1175 3051 squadra
1219 2962 1473 3031 Rubea
1520 2961 1830 3030 exhibuit
1872 2985 2085 3029 unum
2132 2964 2380 3029 folium
2424 2964 2651 3049 papiri
2699 2964 2954 3043 album,
3000 2964 3072 3029 in
3121 2986 3258 3051 quo
3323 2974 3392 3029 et
3436 2965 3509 3029 in
3572 2965 3797 3051 prima
3842 2965 4027 3031 facie
4089 2969 4352 3052 apponi
4416 2967 4596 3034 fecit

874 3071 1157 3137 nomina
1200 3093 1409 3136 manu
1457 3071 1801 3137 dictorum
1847 3069 2277 3148 Rubeorum,
2325 3070 2424 3137 eis
2471 3070 2733 3148 dicens,
2783 3072 2973 3158 quod
3022 3070 3449 3137 describeret
3478 3072 3552 3136 in
3585 3091 3670 3137 eo
3703 3072 3875 3138 folio
3924 3072 4189 3139 dictam
4235 3073 4588 3160 supplica-

876 3176 1138 3244 tionem
1182 3189 1441 3265 postea,
1490 3179 1581 3243 ad
1631 3177 1825 3243 cuius
1869 3174 2449 3263 subscriptionem
2495 3178 3015 3244 intervenerunt
3061 3177 3493 3264 trigentasex
3555 3177 3899 3245 notabiles
3932 3180 4126 3246 cives
4158 3180 4249 3246 de
4282 3181 4592 3266 squadra

872 3282 1146 3351 Rubea.
1238 3284 1394 3351 Hoc
1442 3283 1615 3350 folio
1662 3284 2071 3370 subscripto,
2119 3284 2537 3351 Franciscus
2582 3284 2942 3369 predictus
2990 3283 3165 3351 fecit
3210 3296 3368 3369 post
3413 3284 3760 3350 dictorum
3818 3285 4076 3350 civium
4136 3287 4416 3352 nomina
4463 3287 4592 3353 de·
4639 3286 4716 3350 25

875 3389 1115 3470 scribi,
1168 3390 1464 3457 litteram
1511 3392 1770 3456 tenoris
1813 3389 2037 3469 huius,
2100 3389 2461 3455 videlicet:
2527 3390 2715 3476 quod
2777 3390 2965 3456 cives
3024 3389 3155 3475 ipsi
3220 3389 3620 3475 antescripti
3677 3403 4166 3477 persenserant
4229 3391 4593 3460 dominum

874 3495 1301 3584 Jeronimum
1347 3498 1756 3564 Bernerium
1805 3516 2044 3564 eorum
2094 3497 2453 3564 concivem
2497 3497 2713 3563 fuisse
2761 3498 3298 3563 condemnatum
3346 3496 3421 3561 in
3465 3495 3653 3563 mille
3700 3498 3972 3564 ducatis
4017 3499 4167 3565 auri
4216 3519 4345 3585 pro
4391 3519 4594 3566 saco-

874 3603 1110 3671 mano'
1155 3603 1555 3672 Rubeorum
1606 3614 1676 3670 et
1721 3605 1913 3691 quod
1957 3603 2162 3670 valde
2209 3603 2728 3671 admirabantur
2773 3605 2863 3671 de
2914 3603 3061 3670 talli
3108 3604 3715 3682 condemnatione,
3778 3606 4105 3692 quoniam
4168 3606 4317 3692 ipse
4365 3608 4593 3674 domi-

874 3732 1005 3778 nus
1049 3711 1445 3801 jeronimus
1490 3732 1565 3776 se
1629 3711 1885 3797 optime
1949 3721 2260 3800 gesserat
2320 3711 2395 3776 in
2457 3711 2784 3777 auxilium
2848 3710 3255 3777 Rubeorum
3320 3722 3391 3778 et
3453 3710 3877 3790 obviaverat,
3942 3735 4029 3778 ne
4094 3714 4339 3779 domus
4398 3714 4593 3799 ipso-

870 3841 1021 3884 rum
1067 3816 1475 3886 Rubeorum
1518 3831 2165 3895 sacomanarentur;
2232 3829 2303 3883 et
2362 3818 2527 3886 ideo
2577 3816 3134 3904 deprecabantur
3179 3819 3661 3884 excellentiam
3711 3820 3992 3886 domine
4042 3820 4340 3898 ducisse,
4395 3822 4592 3907 quod
4634 3822 4715 3884 30

868 3927 1137 3993 faceret
1165 3924 1455 3991 abolleri
1488 3925 1746 3991 dictam
1794 3924 2461 3991 condemnationem.
2555 3925 2895 4011 Hancque
2927 3925 3227 3990 litteram
3272 3919 3693 3991 Franciscus
3736 3926 3884 4010 ipse
3933 3926 4221 3993 dirrexit
4251 3948 4376 4012 per
4405 3927 4591 3993 viam

880 4031 1387 4098 cabalariorum
1449 4030 1856 4097 Mediolani.
1947 4030 2056 4096 De
2104 4051 2242 4118 quo
2291 4032 2577 4117 quidem
2627 4031 2907 4097 domina
2953 4031 3230 4098 ducissa
3275 4030 3480 4098 valde
3503 4031 3870 4116 „admirata
3917 4044 4022 4099 est
4084 4043 4154 4099 et
4215 4031 4445 4101 stabat
4507 4034 4585 4098 in

866 4139 1224 4225 proposito
1271 4138 1574 4205 revideri
1625 4139 1855 4205 denuo
1900 4138 2220 4204 faciendi
2268 4139 2528 4205 dictam
2576 4138 3024 4215 sententiam3
3076 4150 3143 4203 et
3187 4138 3339 4203 Deo
3387 4138 3829 4224 permittente
3886 4160 3969 4205 ea
4031 4140 4168 4218 die,
4232 4160 4370 4227 qua
4430 4141 4586 4227 ipsa

866 4244 1101 4311 littera
1146 4245 1329 4311 lecta
1372 4245 1507 4311 fuit
1551 4245 1623 4321 in
1672 4244 1968 4311 consilio
2017 4245 2227 4336 castri
2272 4244 2684 4322 Mediolani,
2749 4246 2919 4311 dicti
2987 4257 3298 4311 oratores
3351 4258 3949 4312 sacomanatorum
4013 4244 4404 4312 habuerunt
4463 4269 4590 4312 au-

867 4350 1203 4417 dientiam
1247 4350 1339 4417 ab
1386 4351 1552 4437 ipsis
1600 4351 1688 4418 de
1737 4350 2030 4417 consilio
2076 4362 2311 4431 status,
2374 4350 2876 4438 intellectoque
2939 4364 3180 4417 tenore
3246 4351 3432 4418 dicte
3498 4351 3675 4416 false
3730 4351 3978 4432 littere,
4042 4352 4369 4419 dixerunt
4431 4372 4587 4420 eam
4631 4351 4712 4418 35

864 4458 1017 4523 fore
1064 4458 1315 4524 falsam
1364 4470 1435 4523 et
1482 4457 1707 4524 dictos
1752 4457 1943 4523 cives
1986 4459 2284 4543 scriptos
2328 4458 2399 4521 in
2446 4457 2607 4524 albo
2654 4458 2868 4523 fuisse
2916 4460 3274 4543 deceptos.
3368 4459 3720 4544 Scriptum
3766 4459 3901 4525 fuit
3932 4457 4380 4547 gubernatori
4412 4458 4583 4526 Par-

867 4584 1000 4643 me,
1064 4566 1256 4651 quod
1315 4585 1390 4630 se
1451 4563 1861 4631 informaret
1914 4565 2004 4631 ab
2052 4564 2222 4650 ipsis
2286 4564 2552 4631 civibus
2630 4566 2718 4630 de
2790 4566 3093 4652 squadra
3161 4564 3436 4642 Rubea,
3500 4566 3852 4651 quomodo
3900 4577 4341 4651 processerat
4388 4566 4586 4632 dicta

870 4690 1112 4736 eorum
1159 4669 1447 4757 scriptio
1493 4670 1566 4735 in
1611 4670 1796 4751 albo,
1846 4672 1965 4758 qui
2011 4691 2251 4736 omnes
2314 4691 2470 4737 com
2527 4672 2920 4760 juramento
2982 4670 3549 4757 approbaverunt
3609 4672 3821 4735 fuisse
3887 4672 4221 4756 deceptos
4282 4691 4326 4735 a
4390 4671 4582 4738 dicto

858 4765 1261 4855 Francisco,
1311 4777 1521 4844 modo
1569 4797 1707 4864 quo
1754 4799 1963 4863 supra
2009 4777 2272 4844 dictum
2318 4789 2422 4843 est
2469 4791 2539 4844 et
2584 4777 2843 4844 nullam
2889 4777 3146 4844 vidisse
3190 4779 3518 4857 litteram,
3566 4798 3698 4844 nec
3743 4776 4328 4863 supplicationem
4351 4802 4370 4853 ;
4419 4800 4582 4865 sup-

858 4884 1345 4971 plicaruntque
1390 4883 1524 4971 ipsi
1572 4885 1761 4950 cives
1806 4884 2037 4970 puniri
2084 4885 2342 4950 debere
2393 4885 2656 4950 dictum
2703 4885 3151 4951 Franciscum
3223 4885 3644 4951 bastardum.
3736 4885 4061 4951 Tandem
4119 4885 4413 4952 veritate
4477 4886 4581 4951 rei
4629 4888 4710 4950 40

860 4990 1063 5055 huius
1110 4991 1390 5056 detecta
1437 5011 1525 5055 ex
1570 4989 1909 5057 relatione
1958 4990 2131 5057 dicti
2180 4990 2687 5077 gubernatoriS,
2736 4990 3020 5057 domina
3064 4992 3339 5058 ducissa
3384 4992 3545 5076 capi
3592 4991 3766 5057 fecit
3811 4990 4080 5058 dictum
4126 4988 4581 5057 Franciscum

854 5095 928 5160 in
961 5093 1373 5162 Mediolano
1419 5107 1490 5161 et
1534 5095 1726 5161 illum
1775 5097 2118 5163 carcerari
2162 5097 2234 5161 in
2281 5119 2421 5163 una
2467 5097 2638 5163 turri
2685 5099 2892 5164 castri
2938 5097 3348 5177 Mediolani,
3396 5099 3468 5163 in
3517 5120 3656 5185 qua
3702 5100 3945 5164 aderat
3989 5098 4307 5164 dominus
4370 5098 4584 5164 Obie-

859 5213 1010 5268 ctus
1058 5203 1146 5269 de
1194 5202 1425 5270 Flisco
1474 5204 1887 5289 detemptus,
1936 5204 2174 5291 ibique
2223 5205 2412 5271 stetit
2458 5202 2770 5290 pluribus
2814 5203 3183 5271 mensibuS.
3276 5203 3524 5270 Postea
3571 5225 3658 5268 ex
3704 5204 4071 5269 clementia
4117 5204 4399 5270 domine
4448 5205 4578 5271 du-

857 5308 1059 5388 cisse,
1106 5308 1396 5375 obtenta
1440 5309 1645 5376 venia
1690 5311 1863 5377 tanti
1929 5309 2188 5386 delicti,
2253 5310 2585 5377 liberatus
2645 5310 2794 5377 fuit.
2888 5311 3064 5378 Com
3110 5331 3195 5378 eo
3243 5312 3449 5376 etiam
3514 5310 3584 5375 in
3646 5313 3784 5377 hoc
3846 5311 3980 5376 fuit
4041 5312 4396 5397 particeps
4454 5311 4582 5399 Jo-

855 5415 1122 5481 hannes
1166 5413 1513 5482 Antonius
1557 5416 1648 5481 de
1695 5416 2048 5507 Bernerijs
2093 5439 2314 5503 nepos
2361 5417 2531 5483 dicti
2581 5418 2840 5485 domini
2887 5416 3246 5504 jeronimi,
3295 5417 3413 5503 qui
3459 5417 3598 5483 hoc
3642 5418 3952 5484 sentiens
3997 5418 4269 5507 aufugit
4318 5418 4405 5485 de
4453 5419 4581 5484 do-
4630 5416 4707 5483 45

854 5521 1067 5588 minio
1101 5521 1353 5588 ducali.
1447 5524 1702 5590 Postea
1746 5534 1977 5589 autem
2028 5523 2357 5589 liberatus
2406 5535 2532 5590 est.

1031 5627 1305 5695 Eodem
1350 5651 1584 5696 mense
1625 5629 1924 5719 januarij
1974 5630 2164 5696 facte
2227 5643 2383 5696 sunt
2446 5632 2586 5698 due
2650 5632 3196 5717 supplicationes
3258 5631 3335 5696 in
3393 5631 3649 5697 Parma
3711 5653 3931 5717 opera
3991 5630 4269 5699 comitis
4329 5629 4567 5697 Ludo-

854 5735 996 5802 vici
1042 5736 1131 5803 de
1179 5735 1498 5825 Valerijs,
1547 5737 1666 5824 qui
1710 5737 2003 5825 gratiam
2048 5738 2388 5805 habuerat
2433 5739 2859 5823 repatriandi
2924 5750 2994 5805 et
3054 5737 3439 5824 subscripte
3485 5752 3681 5805 erant
3742 5761 3951 5805 manu
4005 5739 4185 5804 forte
4252 5749 4580 5825 quatuor-

856 5855 1132 5910 centum
1182 5843 1438 5910 civium
1485 5844 1574 5909 de
1621 5843 1944 5931 squadris
1990 5843 2234 5922 tribuS,
2283 5866 2418 5931 que
2467 5857 2666 5911 erant
2711 5845 2966 5911 diversi
3013 5846 3291 5912 tenoris,
3387 5846 3530 5912 Sed
3575 5845 3794 5912 altera
3853 5867 4085 5911 earum
4147 5843 4576 5924 continebat,

853 5952 1148 6040 qualiter
1196 5951 1514 6019 dominus
1543 5952 1825 6018 Branda
1868 5953 2190 6020 iniustam
2222 5953 2475 6019 tulerat
2507 5953 2918 6020 sententiam
2954 5964 3023 6019 et
3059 5955 3249 6040 quod
3281 5955 3513 6021 fuerat
3545 5953 3924 6020 trabutatus
3955 5964 4024 6021 et
4054 5950 4577 6039 supplicabant·
4624 5949 4707 6019 50
