4895 7066
506 5988 664 6039 Mun„
695 5987 781 6033 ³⁸3

954 457 1096 544 108
1500 505 1507 514 ²
2231 458 2713 543 CRONICA
2767 457 3348 541 GESTORU'M
3773 470 3879 548 [A.
3918 473 4082 535 1452
4122 473 4655 549 maggio-giugno]

3945 617 4011 626 κ--ι

944 617 2193 628 ΜΜ-ο-»μωιι--ι-..ο-,οιοοαοιοι-ιοοοοοοοαιοοαοοιιΜμοοοοσοκοο-οοιοαιοοο-ιοοιηι
3070 617 3302 627 ..W-0004...
3305 617 3489 625 ..n-um·-
3502 616 3640 626 ...nno-u·-

940 736 1291 824 Figarollo
1354 736 1565 824 opido
1624 735 1821 805 ducis
1879 736 2161 803 Ferarie
2206 735 2387 802 ultra
2430 735 2719 817 Padum,
2766 735 2881 802 ubi
2930 736 3171 801 aderat
3218 747 3463 801 catena
3505 734 3774 802 Padum
3822 733 4108 823 cingens
4174 747 4249 801 et
4310 732 4432 799 ubi
4489 733 4659 800 vires

942 854 1080 909 tarn
1125 843 1419 922 Venete‚
1465 864 1671 931 quam
1716 844 2158 911 Ferarienses
2205 855 2275 909 et
2318 854 2532 909 status
2577 841 2961 909 Mediolani
3007 841 3317 920 aderant,
3364 861 3491 927 per
3551 840 3919 907 nonnullos
3977 839 4451 928 malignantes
4507 839 4662 906 scri-

936 961 1055 1035 pte
1102 962 1260 1016 sunt
1304 949 1531 1016 littere
1577 963 1715 1015 tam
1762 950 2044 1017 domino
2090 948 2255 1017 duci
2299 949 2770 1025 venetiarum,
2820 969 3026 1034 quam
3058 948 3337 1013 domino
3368 945 3709 1026 Roberto,
3743 946 4062 1035 qualliter
4091 945 4512 1034 magnificus
4542 946 4662 1011 do-

938 1055 1159 1121 minus
1199 1054 1661 1122 Petrusmaria
1703 1054 1993 1123 Rubeus
2039 1055 2440 1123 deviaverat
2489 1075 2530 1119 a
2576 1054 2712 1120 fide
2760 1053 3051 1122 Venetis
3094 1054 3382 1140 prestita
3427 1066 3498 1120 et
3542 1076 3616 1120 se
3663 1052 4058 1120 adhesierat
4118 1052 4335 1118 statui
4397 1052 4659 1119 Medio·

940 1161 1114 1226 lani:
1163 1162 1353 1250 quod
1395 1183 1831 1250 nequaquam
1877 1162 2009 1229 fuit
2051 1184 2311 1241 verum,
2360 1181 2494 1227 nec
2541 1160 2715 1227 fides
2759 1160 2921 1226 huic
2982 1160 3290 1227 adhibita
3351 1172 3454 1226 est
3518 1160 3765 1248 aliqua.
3855 1160 3947 1226 Et
4007 1159 4278 1228 Veneti
4343 1160 4661 1224 maiorem
4741 1158 4773 1224 5

940 1289 1147 1356 quam
1190 1268 1501 1355 primitus
1545 1270 1675 1356 ipsi
1717 1269 1998 1336 domino
2043 1269 2470 1335 Petromarie
2515 1267 2978 1355 prestiterunt,
3025 1267 3123 1333 illi
3167 1267 3500 1354 pecunias
3545 1288 3786 1333 aureas
3829 1267 4183 1333 mittentes
4230 1286 4367 1353 pro
4413 1266 4660 1352 stipen-

896 1380 902 1390 '
941 1374 1060 1442 dio
1105 1395 1380 1441 suorum
1427 1375 1940 1464 armigerorum.

1117 1480 1406 1547 Venetis
1451 1481 1784 1570 quottidie
1833 1493 2060 1549 castra
2103 1503 2228 1548 sua
2271 1493 2516 1548 contra
2559 1480 2954 1569 Figarolum
3002 1480 3409 1569 augentibus
3456 1492 3525 1546 et
3570 1481 3751 1547 duce
3782 1477 4034 1547 Urbini
4065 1491 4137 1546 et
4189 1478 4348 1567 alijs
4394 1478 4663 1544 auxilia-

939 1586 1076 1676 rijs,
1125 1587 1346 1676 copiis
1390 1588 1587 1654 ducis
1631 1588 1913 1655 Ferarie
1958 1588 2301 1679 victualijs
2347 1587 2776 1666 carentibus,'
2822 1607 2956 1653 nec
3001 1586 3386 1653 valentibus
3431 1587 3574 1652 illic
3621 1586 3993 1665 rescidere‚
4028 1587 4177 1653 dux
4221 1585 4378 1671 ipse
4429 1584 4660 1653 Urbini

939 1716 1178 1762 omnes
1223 1717 1378 1762 suas
1425 1696 1660 1784 copias
1706 1709 1842 1762 tam
1889 1697 2269 1783 pedestres,
2317 1717 2524 1784 quam
2571 1707 2924 1781 equestres
2971 1695 3145 1760 citra
3190 1694 3457 1761 Padum
3487 1693 3864 1760 transvexit
3895 1705 3966 1760 et
3999 1692 4334 1760 dominus
4363 1692 4660 1757 marchio
4708 1695 4774 1756 10

939 1800 1227 1867 Mantue
1278 1802 1501 1869 eidem
1550 1801 1715 1868 duci
1760 1802 2040 1868 Ferarie
2090 1801 2452 1889 colligatus
2495 1802 2649 1887 rupi
2698 1801 2870 1867 fecit
2912 1801 3253 1867 Mentium
3299 1822 3536 1866 versus
3568 1799 3946 1866 exercitum
3974 1800 4360 1877 Venetum,
4407 1820 4496 1863 ne
4525 1798 4658 1863 vic-

936 1907 1148 1973 tualia
1192 1907 1337 1973 illic
1385 1908 1546 1974 duci
1589 1907 1868 1994 possint.
1960 1908 2093 1976 Cui
2136 1907 2517 1974 marchioni
2564 1906 2878 1973 dominus
2921 1906 3276 1974 Robertus
3325 1928 3453 1994 per
3512 1906 3821 1972 nuntium
3868 1905 4315 1994 significavit,
4363 1904 4554 1992 quod
4593 1905 4660 1967 in

937 2012 1131 2080 brevi
1175 2013 1408 2103 ignem
1452 2034 1581 2102 pro
1624 2034 1808 2102 aqua
1853 2013 1981 2081 sibi
2023 2014 2371 2081 redderet.

1110 2120 1497 2188 Transacto
1543 2122 1722 2190 duce
1769 2119 2019 2190 Urbini
2066 2140 2221 2187 com
2284 2121 2470 2186 omni
2514 2141 2641 2187 suo
2688 2120 2995 2187 exercitu
3041 2122 3215 2187 citra
3257 2120 3524 2187 Padum
3567 2122 3709 2212 jam
3753 2141 3919 2187 sene
3968 2132 4038 2186 et
4082 2138 4433 2184 annorum
4476 2129 4654 2183 octo-

936 2226 1146 2314 ginta,
1196 2227 1509 2293 dominus
1552 2226 1906 2294 Robertus
1947 2227 2045 2291 illi
2094 2227 2306 2294 missit
2351 2227 2422 2292 in
2470 2248 2689 2294 cavea
2732 2249 2938 2293 unam
2982 2228 3281 2315 vulpem,
3328 2226 3453 2294 sub
3502 2227 3788 2307 collore,
3820 2228 4011 2314 quod
4043 2225 4258 2292 etiam
4291 2224 4554 2310 vulpes,
4585 2235 4651 2288 ut
4699 2225 4762 2288 15

930 2333 1122 2401 idem
1168 2334 1309 2399 dux
1354 2334 1760 2420 appellatur,
1809 2334 2171 2421 capiuntur
2219 2346 2288 2399 et
2331 2333 2402 2398 in
2452 2334 2682 2400 caveis
2726 2347 3110 2421 ponuntur:
3159 2334 3349 2420 quod
3392 2333 3579 2399 idem
3625 2334 3769 2400 dux
3812 2332 4040 2400 irrisit.

1113 2439 1320 2507 Circa
1361 2442 1564 2508 finem
1609 2440 1780 2506 dicti
1824 2439 2076 2505 mensis
2120 2461 2279 2528 may
2327 2439 2642 2505 dominus
2685 2439 3126 2506 Constantius
3172 2438 3470 2519 Sforcia,
3520 2439 3638 2526 qui
3683 2451 3876 2506 tanto
3929 2452 4247 2525 tempore
4297 2436 4484 2503 stetit
4510 2435 4652 2502 Me-

937 2545 1194 2613 diolani
1242 2557 1565 2633 tanquam
1611 2558 1986 2632 suspectus,
2034 2546 2223 2633 quod
2281 2544 2566 2612 favebat
2625 2545 2994 2633 magnifico
3056 2545 3336 2612 domino
3380 2544 3808 2611 Petromarie
3873 2557 3941 2611 et
3987 2544 4278 2611 domino
4324 2541 4648 2620 Roberto,

934 2654 1218 2720 recessit
1265 2674 1352 2718 ex
1393 2652 1797 2722 Mediolano
1844 2664 1916 2719 et
1959 2652 2242 2719 veniens
2287 2649 2671 2732 Bersillum,
2720 2651 2972 2719 exinde
3019 2652 3262 2749 redijt
3272 2652 3346 2718 in
3388 2651 3685 2740 patriam
3729 2674 3942 2731 suam,
3988 2651 4262 2719 vadens
4289 2671 4422 2738 per
4452 2661 4651 2715 terras

934 2760 1511 2827 Florentinorum.
4687 2757 4758 2820 20

1107 2866 1499 2934 Penultimo
1542 2888 1703 2956 may
1748 2887 1983 2933 comes
2026 2864 2397 2933 Amoratus
2441 2867 2532 2933 de
2579 2865 2880 2932 Torellis
2926 2878 3250 2953 tanquam
3298 2867 3548 2934 ductor
3594 2879 3665 2933 et
3711 2865 4200 2954 stipendiarius
4250 2863 4644 2933 dominatio·

932 2975 1040 3041 nis
1086 2974 1532 3054 Venetorum,
1578 2973 1870 3040 accessit
1917 2994 2072 3041 com
2119 2973 2439 3040 comitiva
2484 2993 2609 3037 sua
2654 2973 2993 3060 armigera
3037 2985 3177 3039 tam
3222 2973 3548 3060 pedestri,
3597 2994 3804 3062 quam
3851 2973 4152 3062 equestri
4198 2974 4276 3038 in
4323 2971 4486 3038 villa
4512 2972 4572 3037 F
4572 2969 4645 3033 11

936 3079 1085 3160 lini,
1128 3100 1343 3167 seque
1387 3079 1608 3168 junxit
1654 3091 1723 3145 et
1769 3080 2139 3148 associavit
2184 3100 2339 3145 cum
2384 3078 2752 3167 magnifico
2801 3078 3079 3145 domino
3128 3080 3450 3146 Guidone
3481 3078 3757 3159 Rubeo,
3787 3092 3864 3146 ut
3892 3099 4216 3168 guerram
4265 3078 4529 3144 faciant
4556 3075 4643 3141 ci-

937 3186 1137 3253 vitati
1181 3186 1431 3252 Parme
1479 3199 1546 3253 et
1590 3199 1667 3254 ut
1711 3186 2109 3253 defensetur
2152 3197 2366 3252 status
2411 3185 2669 3251 domini
2714 3183 3117 3250 Petrimarie
3165 3206 3208 3250 a
3251 3197 3430 3251 statu
3475 3185 3861 3252 Mediolani
3889 3186 3989 3250 illi
4033 3206 4327 3275 gueram
4358 3182 4644 3251 faciente

933 3313 1149 3380 opera
1195 3306 1266 3360 et
1309 3293 1740 3360 solicitudine
1787 3291 2386 3370 Pallavicinorum.
4679 3283 4748 3351 25

1118 3401 1273 3467 Hac
1318 3400 1454 3479 die,
1503 3422 1640 3488 qua
1689 3419 1924 3476 comes
1968 3398 2337 3467 Amoratus
2384 3399 2784 3487 allogiavit
2766 3421 2836 3465 m
2865 3399 3029 3466 villa
3059 3398 3292 3467 Fillini
3337 3419 3493 3467 com
3540 3399 3861 3488 gentibus
3905 3401 4061 3481 suis,
4108 3401 4307 3467 venit
4337 3397 4640 3464 Parmam

932 3507 1211 3575 Borsius
1257 3507 1347 3574 de
1394 3508 1711 3597 Corrigia
1754 3527 1882 3595 pro
1930 3519 2109 3574 statu
2150 3506 2534 3575 Mediolani
2596 3526 2752 3575 com
2813 3506 3268 3596 quadraginta
3327 3507 3681 3597 armigeris
3742 3520 3814 3577 et
3883 3507 4226 3597 aliquibus
4270 3502 4646 3594 ballistas-ijs

934 3615 1381 3704 equestribus,
1428 3615 1780 3703 allogiavit
1809 3635 2084 3703 quoque
2115 3615 2187 3680 in
2217 3614 2436 3703 burgo
2486 3614 2724 3682 Sancti
2769 3610 3154 3694 Michaelis,
3202 3613 3321 3682 ubi
3367 3616 3627 3682 circum
3662 3616 3850 3682 circa
3877 3617 4089 3706 errigi
4117 3616 4299 3683 fecit
4330 3626 4400 3682 et
4431 3610 4642 3680 cavari

933 3723 1216 3802 somna),
1264 3744 1348 3789 ac
1393 3723 1544 3789 fieri
1590 3734 1662 3789 et
1707 3721 1939 3788 claudi
1981 3721 2314 3789 rastellos.

1112 3829 1470 3918 Magnifici
1515 3828 1776 3895 domini
1819 3828 2164 3905 Marsilius
2208 3840 2280 3895 et
2323 3826 2625 3915 Jacobus
2672 3829 2762 3896 de
2807 3827 3108 3895 Torellis
3156 3828 3484 3896 conducti
3545 3830 3637 3896 ad
3693 3830 4039 3916 stipendia
4085 3829 4411 3907 ducallia,
4463 3828 4637 3893 facta
4674 3822 4743 3887 30

930 3936 1265 4003 divisione
1314 3935 1621 4025 gentium
1664 3956 1936 4002 suarum
1968 3934 2456 4023 armigeratum
2506 3956 2662 4002 com
2711 3935 2962 4003 comite
3022 3932 3357 4003 Amorato
3418 3936 3635 4003 fratre
3681 3957 3803 4004 suo
3853 3938 3945 4003 ad
3987 3937 4337 4024 stipendia
4380 3935 4633 4002 Veneta

945 4043 1320 4122 minitante,
1365 4054 1797 4108 recesserunt
1843 4062 1998 4108 com
2044 4040 2361 4128 gentibus
2404 4041 2562 4121 suis,
2608 4055 2684 4108 ut
2727 4043 2913 4141 irent¹
2948 4043 3018 4108 in
3066 4043 3304 4108 castris
3349 4043 3545 4109 ducis
3588 4043 3891 4110 Ferarie.

1108 4150 1191 4215 In
1234 4150 1370 4216 fine
1417 4148 1586 4215 dicti
1630 4148 1882 4214 mensis
1926 4169 2105 4238 may,
2151 4150 2292 4238 jam
2340 4149 2669 4215 exhausto
2716 4149 2976 4216 errario
3024 4148 3282 4216 ducalli
3329 4151 3516 4236 capti
3556 4151 3742 4217 sunt'
3777 4163 3848 4218 et
3880 4152 4220 4218 carcerati
4250 4170 4380 4238 per
4411 4145 4629 4216 'offitia-

935 4256 1036 4323 les
1078 4257 1328 4323 Parme
1376 4257 1467 4323 de
1510 4255 1836 4353 mandato
1883 4254 2139 4321 ducalli
2184 4268 2344 4323 octo
2394 4255 2582 4321 cives
2614 4275 2701 4321 ex
2731 4256 3087 4323 ditioribus
3120 4258 3210 4322 de
3241 4269 3440 4344 parte
3469 4256 3742 4336 Rubea‚
3775 4279 3820 4322 a
3848 4257 4094 4345 quibus
4137 4257 4381 4326 volunt
4424 4267 4631 4322 extor-

931 4383 1149 4452 quere
1190 4363 1543 4451 pecunias,
1588 4382 1718 4449 pro
1763 4361 2112 4428 solvendis
2155 4360 2634 4449 stipendiarijs,
2685 4362 3110 4429 cominantes
3154 4364 3228 4428 id
3272 4364 3457 4429 idem
3500 4363 3783 4451 reliquis
3825 4363 4096 4431 Rubeis
4138 4364 4404 4430 facere.
4663 4349 4729 4418 35

1106 4469 1235 4537 His
1278 4470 1559 4556 insuper
1603 4463 1848 4534 diebus
1880 4467 2159 4533 domino
2190 4465 2509 4533 Roberto
2540 4468 2630 4533 de
2664 4466 2922 4534 Sancto
2972 4467 3307 4535 Severino
3340 4468 3698 4537 obsidente
3730 4470 4153 4557 Figarollum
4188 4490 4348 4536 com
4391 4465 4626 4534 vallido

930 4576 1239 4644 exercitu
1284 4576 1713 4643 Venetorum
1759 4587 1830 4641 et
1874 4593 1960 4639 eo
2007 4586 2425 4640 monstrante
2474 4573 2745 4663 fugere,
2794 4575 3109 4663 insequto
3156 4597 3198 4640 a
3243 4575 3680 4663 quammultis
3722 4575 4072 4664 peditibus
4117 4577 4318 4643 ducis
4375 4570 4621 4647 Urbini,

931 4683 1051 4771 qui
1092 4681 1272 4748 ultra
1314 4680 1584 4747 Padum
1631 4680 2040 4746 transierant
2087 4692 2157 4747 et
2202 4679 2451 4746 exinde
2516 4701 2602 4746 eo
2660 4679 2941 4747 domino
3001 4679 3318 4747 Roberto
3362 4702 3440 4746 se
3485 4680 3799 4748 solvente
3844 4693 3915 4748 et
3959 4702 4083 4750 eos
4128 4682 4502 4749 insectante
4544 4676 4623 4741 ad

929 4791 1150 4877 ripam
1194 4786 1392 4868 Padi,
1438 4786 1634 4854 multi
1679 4799 1750 4853 et
1794 4786 2195 4874 quammulti
2241 4806 2328 4852 ex
2374 4786 2538 4874 ipsis
2581 4786 2929 4874 peditibus
2961 4787 3385 4877 fugientibus
3428 4786 3764 4854 submersi
3807 4800 3965 4854 sunt
4010 4801 4080 4856 et
4125 4787 4464 4856 suffocati.

1103 4894 1338 4961 Primo
1381 4894 1551 4985 junij
1601 4893 1951 4981 indigente
1998 4893 2178 4959 duce
2225 4890 2474 4960 Urbini
2517 4892 2836 4981 gentibus
2881 4894 3254 4981 armigeris,
3302 4907 3553 4961 vocato
3600 4894 3692 4960 ad
3736 4915 3812 4961 se
3845 4895 4097 4961 comite
4128 4894 4408 4962 Borella
4433 4909 4620 4977 super
4656 4885 4725 4950 40

931 5002 1195 5083 familia
1239 5000 1497 5068 ducalli
1545 4999 2008 5067 commissario
2054 5000 2126 5064 in
2170 4999 2441 5079 Parma,
2494 5020 2650 5065 com
2699 5000 2905 5066 certis
2949 5000 3264 5087 squadris
3312 4999 3633 5089 logiante,
3681 5001 3863 5067 idem
3913 5021 4149 5067 comes
4195 4997 4617 5067 amicabiliter

930 5129 1006 5174 se
1067 5108 1408 5176 transtulit
1466 5106 1558 5174 ad
1617 5106 1850 5174 villam
1909 5106 2160 5185 Fiuini,
2224 5105 2511 5172 multum
2574 5106 2864 5193 loquens
2910 5119 2980 5173 et
3022 5127 3274 5193 pacem
3319 5118 3621 5174 tractans
3666 5127 3822 5174 com
3869 5107 4152 5174 domino
4201 5107 4511 5175 Guidone
4554 5114 4615 5167 et

931 5216 1184 5282 comite
1230 5215 1598 5291 Amorat03
1645 5214 1773 5280 sed
1802 5213 2029 5281 verbis
2060 5213 2228 5278 nihil
2259 5213 2779 5299 proficientibus
2810 5214 2993 5280 idem
3029 5234 3263 5280 comes
3292 5214 3573 5281 Borella
3596 5213 3887 5281 recessit
3930 5226 4002 5280 et
4045 5214 4366 5280 Parmam
4408 5209 4613 5297 rediit,

927 5323 1036 5389 his
1079 5343 1220 5390 non
1266 5321 1709 5402 obstantibus,
1756 5320 2074 5409 gentibus
2133 5320 2401 5388 Rubeis
2445 5321 2560 5387 die
2606 5340 2692 5385 ac
2738 5333 2944 5387 nocte
3008 5341 3248 5409 agrum
3308 5321 3757 5388 Parmensem
3819 5321 4301 5388 infestantibus
4360 5314 4613 5385 assiduis

924 5429 1425 5497 incursionibus
1470 5442 1541 5498 et
1588 5428 1886 5516 capturis
1915 5428 2266 5494 hominum
2299 5440 2369 5494 et
2398 5425 2791 5506 bestiarum,
2823 5428 3001 5494 adeo
3034 5429 3222 5516 quod
3255 5430 3441 5495 cives
3471 5449 3613 5495 non
3643 5441 3842 5495 erant
3871 5428 4016 5495 ausi
4049 5428 4390 5495 civitatem
4419 5423 4603 5491 exire.
4644 5412 4710 5480 45

1108 5536 1379 5615 Quarto
1420 5536 1590 5627 junij
1640 5556 1798 5602 cum
1845 5535 2058 5601 multa
2109 5534 2514 5601 bestiamina
2572 5535 2896 5600 ruralium
2943 5535 3033 5601 de
3079 5532 3581 5615 Basilicanova,
3628 5536 3718 5602 de
3764 5535 4120 5601 Mainiano
4168 5547 4239 5601 et
4284 5535 4374 5601 de
4428 5529 4607 5599 Mon-

924 5644 1326 5713 teclericulo
1371 5644 1812 5732 pascularent
1854 5643 1924 5707 in
1968 5640 2255 5720 bocetis‚
2288 5653 2533 5729 gentes
2564 5641 2894 5721 ducalles,
2942 5663 3076 5730 que
3124 5655 3321 5709 erant
3363 5644 3434 5708 in
3479 5642 3732 5708 Parma
3777 5662 3936 5709 com
3980 5642 4197 5709 multo
4240 5639 4489 5728 populo
4530 5654 4606 5699 ex

924 5752 1297 5839 improviso
1343 5750 1602 5839 agressi
1647 5762 1804 5818 sunt
1846 5749 2068 5815 dictas
2127 5747 2397 5827 bestias,
2445 5761 2518 5816 et
2564 5749 2883 5816 custodes
2926 5749 3226 5816 maximo
3271 5750 3344 5816 in
3386 5770 3699 5829 numero,
3748 5770 3988 5818 omnes
4032 5748 4105 5836 in
4148 5747 4457 5819 Parmam
4496 5742 4604 5808 du-

929 5871 1196 5926 centes:
1245 5857 1434 5947 quod
1481 5856 1744 5924 civibus
1787 5855 1989 5923 trium
2035 5855 2483 5943 squadrarum
2528 5875 2849 5944 magnam
2895 5855 3119 5923 intulit
3168 5857 3485 5937 letitiam3
3532 5857 3746 5926 multe
3792 5856 3977 5924 enim
4021 5854 4241 5925 bestie
4285 5877 4374 5923 ex
4414 5847 4604 5939 captis

931 5965 1239 6036 restitute
1284 5976 1459 6046 sunt,
1505 5964 1666 6053 quia
1710 5975 1907 6031 erant
1950 5961 2408 6035 Torel'lorum
2456 5975 2528 6031 et
2573 5961 2813 6030 Sancti
2857 5961 3168 6054 Antonij.
4639 5945 4704 6016 5⁰
