4895 7066
269 519 368 594 [A.
406 522 571 579 147⁷
614 535 838 582 marzo
876 524 1009 596 2-31
1449 508 1557 586 IN
1610 506 2129 586 PARTIBUS
2186 508 2831 588 LOMBARDIE
3952 508 3990 590 7

283 663 1687 674 *mmmmmummmmmonmn=.m-o·nonum-onon·-noounonn---on
1693 664 2375 673 u---n---u---0s-u--aemu··su···---.·.-·.-··-naa-...00
2389 664 2443 672 ...ιι
2449 664 2466 672 .-
2472 663 2769 673 ..u-o—-uouuo-aeonoon
2775 662 4000 674 ..αι...ρον-ιι.ψικικηον.....ιο-..οσσο-αισα-Μυκοο-ισυ-κκοιη’...οωοοοαΜο-..οοοηοοοοοσ-ι

274 774 519 863 paucis
566 788 639 842 et
684 795 845 843 com
892 775 1241 842 nonnullis
1286 774 1593 841 monacis
1638 797 1711 841 se
1760 774 2036 841 reduxit
2095 796 2305 862 supra
2366 776 2567 841 turim
2621 774 2918 842 ecclesie
2965 794 3121 841 com
3181 776 3410 842 multis
3470 777 3609 842 suis
3668 777 4008 864 preciosis

278 882 504 948 bonis.
593 881 803 949 Dicte
851 902 1018 948 vero
1063 893 1204 947 tres
1248 882 1568 969 squadre,
1614 892 2055 947 sacomanata
2103 879 2404 948 ecclesia
2452 891 2524 947 et
2569 879 2848 948 abbatia
2876 881 3212 967 predicta,
3257 880 3730 967 imposuerunt
3774 882 4005 970 ignem

287 990 479 1056 dicte
524 988 719 1066 turri,
768 1000 846 1054 ut
894 990 1123 1054 fumus
1165 1008 1293 1075 per
1338 988 1650 1054 foramen
1697 986 2058 1054 dimidium
2092 987 2506 1054 ascenderet
2536 1000 2606 1054 et
2636 1008 2792 1055 com
2823 986 3114 1055 ballistis
3158 998 3227 1053 et
3270 988 3652 1075 schiopetis
3696 989 4003 1076 proicie-

280 1096 455 1162 bant
500 1096 683 1161 intra
728 1096 1106 1173 fenestras3
1155 1094 1855 1181 deliberaveruntque
1901 1095 2118 1181 ipsam
2165 1094 2368 1160 turim
2417 1094 2512 1160 ad
2565 1094 2819 1182 pedem
2880 1093 3214 1161 incidere.
3304 1094 3625 1161 Tandem
3690 1095 4007 1163 dominus

188 1199 229 1266 5
284 1200 443 1267 Azo
490 1202 916 1268 Vicecomes
972 1199 1498 1279 commissarius,
1560 1199 1877 1266 dominus
1935 1200 2292 1289 Johannes
2350 1198 2725 1266 Allovisius
2785 1199 3087 1279 Bossius,
3135 1222 3219 1267 ac
3273 1200 3594 1267 dominus
3652 1202 4010 1291 Johannes

281 1328 526 1376 comes
582 1310 673 1375 de
727 1307 1074 1374 Montono
1121 1328 1467 1373 armorum
1513 1306 1785 1385 ductor,
1832 1308 1952 1394 qui
1997 1306 2111 1374 hic
2156 1328 2231 1373 se
2277 1305 2585 1396 reperijt,
2630 1328 2772 1372 una
2818 1326 2974 1373 com
3030 1306 3260 1372 multis
3321 1328 3409 1373 ex
3470 1306 3674 1373 dictis
3718 1327 4009 1395 capora-

284 1414 472 1481 libus
518 1426 968 1482 accesserunt
1012 1415 1107 1481 ad
1150 1413 1369 1500 ipsam
1415 1412 1625 1479 turim
1672 1424 1741 1479 et
1785 1426 2358 1480 assecuraverunt
2402 1413 2630 1499 ipsum
2693 1411 3048 1479 dominum
3111 1411 3433 1480 abbatem
3497 1426 3569 1481 et
3627 1414 3857 1481 socios
3917 1415 4008 1482 de

282 1522 610 1608 personis
656 1534 916 1587 tantum
978 1532 1049 1586 et
1110 1540 1230 1586 eos
1291 1521 1617 1586 fecerunt
1679 1519 2132 1597 descendere,
2197 1540 2371 1607 quos
2432 1519 2502 1584 in
2567 1531 2796 1586 castro
2857 1540 3040 1586 novo
3101 1520 3425 1586 fecerunt
3484 1520 3833 1599 associari,
3895 1521 4012 1587 vix

282 1642 521 1693 tamen
568 1647 848 1694 securos
893 1628 985 1693 de
1029 1626 1192 1705 vita,
1239 1625 1565 1713 quoniam
1610 1624 1712 1692 ibi
1759 1626 2000 1692 aderat
2043 1638 2227 1692 totus
2272 1627 2570 1713 populus
2618 1639 2916 1693 armatus
2964 1638 3031 1691 et
3076 1626 3254 1692 inter
3288 1638 3564 1693 ceteros
3596 1628 4012 1694 Franciscus

152 1737 237 1800 10
286 1735 634 1814 villanus,
685 1735 799 1800 cui
845 1734 1073 1799 fuerat
1118 1744 1507 1820 amputatus
1551 1753 1775 1811 nasus,
1824 1732 1943 1820 qui
1986 1732 2369 1819 imputabat
2412 1732 2544 1818 ipsi
2591 1732 2874 1798 domino
2919 1731 3155 1798 abbati
3201 1733 3293 1799 de
3341 1733 3493 1819 ipsa
3540 1732 3887 1801 incisione
3942 1747 4014 1801 et

282 1840 560 1907 habens
609 1839 956 1907 ballistam
1020 1852 1357 1919 onustam,
1404 1837 1792 1905 minabatur
1835 1840 1977 1905 vite
2046 1860 2188 1905 sue.
2277 1839 2602 1906 Tandem
2664 1838 2793 1906 sibi
2851 1839 3265 1927 promissum
3329 1839 3466 1905 fuit
3523 1861 3652 1926 pro
3718 1840 4014 1908 emenda

282 1947 461 2014 dicti
509 1947 659 2012 nasi
706 1946 863 2013 dari
908 1947 1248 2013 ducentos
1292 1966 1560 2023 aureos,
1593 1965 1767 2034 quos
1797 1945 2241 2012 nihilominus
2270 1945 2531 2012 habere
2563 1965 2931 2034 nomquam
2965 1946 3213 2031 potuit,
3246 1946 3410 2034 quia
3442 1946 3619 2014 tallis
3648 1947 4012 2034 promissio

278 2054 520 2118 fuerat
562 2051 976 2119 meticulosa
1021 2064 1091 2120 et
1136 2051 1461 2118 violenta.
1554 2052 1800 2117 Turim
1845 2052 2136 2141 ingressi
2170 2063 2349 2129 sunt,
2395 2066 2467 2119 et
2515 2051 2749 2118 omnia
2781 2050 2966 2119 bona
2996 2051 3096 2118 ibi
3146 2053 3448 2138 reposita
3495 2075 3704 2141 quam
3735 2052 4011 2121 maximi
4089 2080 4104 2095 ·

282 2158 506 2246 precij
557 2170 1206 2235 sacomanavemnt:
1256 2158 1513 2225 deinde
1558 2158 1649 2224 ad
1695 2158 1864 2224 alias
1908 2159 2152 2226 domos
2205 2157 2616 2225 Rubeorum
2686 2158 3168 2245 infrascriptas
3229 2173 3693 2241 accesserunt,
3756 2181 3875 2226 eas
3934 2159 4006 2226 vi

151 2265 231 2332 15
288 2280 361 2333 et
409 2266 602 2332 ferro
648 2266 1003 2343 intrantes,
1050 2286 1135 2331 ac
1181 2266 1256 2331 in
1298 2276 1520 2332 totum
1565 2275 2087 2332 sacomanantes
2131 2278 2201 2333 et
2245 2265 2643 2351 spoliantes,
2690 2265 3018 2333 videlicet
3051 2267 3331 2332 domum
3384 2266 3756 2353 Gasparini
3801 2267 3892 2332 de
3937 2268 4007 2333 la

176 2358 189 2365 ’
282 2373 623 2439 Cavanna
681 2371 755 2437 in
815 2370 1070 2437 vicinia
1114 2372 1340 2438 sancti
1382 2372 1722 2459 Johannis
1764 2371 2062 2459 predicti
2105 2392 2232 2457 pro
2277 2372 2502 2460 burgo
2548 2371 2818 2439 Riollo:
2867 2373 3151 2438 domum
3197 2372 3460 2438 domini
3506 2373 3845 2460 Johannis
3910 2373 4002 2439 de

281 2478 745 2546 Canavachis
790 2488 859 2543 et
903 2477 1194 2544 fratrum
1238 2476 1312 2542 in
1357 2477 1611 2544 vicinia
1656 2478 1879 2544 sancti
1923 2477 2440 2555 Moderaminis‚
2490 2478 2635 2545 eius
2681 2477 3025 2544 stabulum
3072 2478 3231 2566 igne
3277 2491 3696 2545 cremantes:
3732 2480 4011 2546 domum

278 2584 579 2652 domini'
624 2584 1042 2651 Bartolamei
1087 2585 1179 2651 de
1223 2583 1607 2650 Carissimis
1651 2584 1722 2649 in
1768 2584 2025 2651 vicinia
2070 2585 2292 2652 sancti
2336 2584 2588 2675 Blasij:
2639 2585 2920 2651 domum
2952 2585 3215 2651 domini
3246 2585 3598 2674 Pelegrini
3646 2586 3737 2652 de
3781 2587 4007 2653 Zeno-

282 2693 497 2782 vesijs
540 2692 829 2758 rectoris
872 2691 1166 2758 ecclesie
1209 2702 1450 2757 sancte
1497 2690 1891 2757 Trinitatis:
1942 2692 2223 2757 domum
2269 2691 2532 2758 domini
2593 2690 2938 2780 Ambrosij
2989 2704 3060 2758 et
3121 2690 3510 2759 Sebastiani
3569 2692 3862 2760 fratrum
3922 2695 4015 2760 de

142 2804 234 2864 20
283 2799 769 2889 Zandemarijs
810 2800 886 2864 in
930 2798 1186 2867 vicinia
1230 2809 1470 2864 sancte
1517 2797 1907 2865 Trinitatis:
1957 2798 2235 2864 domum
2279 2797 2567 2887 Antonij
2618 2800 2708 2866 de
2755 2799 3001 2865 Bravis
3046 2799 3118 2864 in
3164 2798 3418 2866 vicinia
3463 2799 3682 2866 sancti
3751 2799 4010 2866 Paulli:

283 2902 570 2968 domum
616 2901 951 2990 Johannis
994 2901 1303 2987 Baptiste
1350 2900 1439 2966 de
1486 2899 1950 2968 Garimbertis
2007 2900 2111 2967 ibi
2173 2902 2609 2989 contiguam:
2678 2902 2960 2968 domum
3021 2898 3310 2968 Andree
3366 2903 3456 2968 de
3517 2901 3880 2969 Mazochis
3938 2902 4010 2967 in

283 3008 552 3073 vicinia
596 3008 819 3074 sancti
864 3005 1275 3073 Alexandri.
1366 3007 1595 3074 Nocte
1641 3018 1870 3072 autem
1914 3007 2449 3093 superveniente
2497 3007 2784 3073 ulterius
2836 3007 3024 3073 mille
3085 3008 3220 3073 alie
3280 3008 3525 3074 domus
3583 3007 3867 3074 fuerunt
3910 3030 4020 3075 sa-

289 3127 685 3181 comanate.
777 3112 1064 3190 Quanta
1125 3124 1356 3179 autem
1417 3113 1631 3179 fuerit
1699 3113 2069 3192 calamitas,
2142 3115 2343 3181 dolor
2412 3125 2481 3180 et
2550 3114 2823 3180 miseria
2889 3125 3504 3194 sacomanatorum,
3582 3134 3712 3182 nec
3781 3113 4020 3203 lingua

285 3221 608 3308 exprimi,
659 3241 790 3287 nec
838 3219 1131 3286 callamo
1177 3219 1389 3286 scribi
1433 3233 1685 3307 posset.
1776 3220 2188 3289 Clamabant
2249 3220 2431 3287 enim
2484 3222 2575 3288 he
2636 3221 2934 3307 pessime
2997 3232 3348 3289 turcorum
3402 3234 3649 3310 gentes
3705 3224 3736 3258 “
3762 3221 4017 3300 Sacho,

142 3328 233 3393 25
286 3330 531 3394 sacho.
598 3328 819 3408 Duca,
883 3328 1086 3393 duca.
1144 3328 1425 3404 Galeas,
1474 3327 1748 3394 Galeaz.
1840 3327 1974 3394 To'
2042 3348 2202 3396 suso
2264 3328 2498 3416 quello
2559 3328 2764 3407 lecto,
2812 3347 2853 3394 e
2899 3327 3162 3416 quello'
3229 3328 3632 3415 piumazo„.
3724 3328 3805 3396 Si
3866 3329 4020 3416 quis

283 3447 525 3501 autem
584 3446 753 3512 erat,
817 3434 937 3521 qui
997 3433 1190 3499 multi
1252 3434 1553 3513 fuerunt,
1602 3433 1851 3521 quibus
1897 3434 2030 3500 hec
2079 3434 2391 3502 dolorem
2441 3433 2814 3514 faciebant,
2879 3435 2998 3522 qui
3044 3434 3306 3501 nollent
3347 3456 3541 3501 arma
3585 3454 3862 3523 capere,
3919 3434 4019 3501 eis

284 3541 770 3608 cominabatur
828 3542 918 3607 de
981 3540 1121 3608 vita
1164 3553 1233 3607 et
1278 3542 1556 3609 cohacti
1602 3563 1794 3608 arma
1836 3541 2307 3630 suscipiebant
2353 3562 2510 3610 com
2556 3542 2711 3632 alijs
2755 3542 3102 3609 civitatem
3149 3542 3632 3611 discurrentes.

470 3650 581 3714 Ea
626 3660 853 3713 autem
897 3660 1103 3714 nocte
1150 3659 1414 3736 sequta,
1460 3648 1550 3714 he
1599 3648 2173 3715 truculentissime
2216 3661 2462 3740 gentes
2508 3660 2724 3716 totam
2773 3648 3148 3728 civitatem,
3180 3649 3430 3728 menia,
3477 3663 3710 3737 portas
3754 3663 3825 3718 et
3868 3650 4017 3738 pla-

288 3769 440 3821 teas
468 3753 661 3822 urbis
689 3756 932 3821 armati
964 3775 1123 3820 cum
1154 3755 1336 3820 focis
1366 3776 1493 3841 per
1521 3755 1669 3820 vias
1700 3766 1770 3822 et
1812 3755 2188 3822 luminibus
2233 3757 2325 3823 ad
2356 3757 2699 3823 fenestras
2733 3755 3235 3835 custodierunt,
3282 3755 3596 3823 timentes
3641 3758 4016 3825 adventum

158 3864 249 3927 30
297 3861 661 3950 magnifici
704 3861 962 3927 domini
1006 3859 1409 3927 Petrimarie
1452 3861 1688 3930 Rubei
1733 3863 1828 3929 ad
1871 3883 2230 3929 sucursum
2274 3860 2714 3939 Rubeorum:
2764 3873 2835 3928 et
2876 3861 3006 3929 sibi
3053 3862 3204 3928 dari
3250 3862 3605 3931 faciebant
3650 3886 3692 3930 a
3752 3863 4021 3931 Rubeis

285 3990 432 4035 non
477 3969 938 4035 sacomanatis
983 3968 1188 4056 ligna,
1236 3989 1510 4054 panem,
1573 3968 1829 4046 vinum,
1893 3989 2139 4036 carnes
2184 3970 2482 4048 sanatas,
2547 3989 2824 4036 caseum
2869 3981 2940 4034 et
2985 3968 3220 4047 olium,
3276 3989 3408 4036 nec
3470 3969 3673 4037 veriti
3730 3982 3887 4036 sunt
3945 3971 4018 4036 in

289 4074 846 4163 quadragesima,
895 4095 1029 4162 que
1073 4087 1237 4142 tunc
1286 4088 1456 4154 erat,
1502 4075 1855 4163 prohibita
1900 4077 2346 4155 manducare,
2394 4077 2531 4144 hoc
2579 4096 2720 4143 non
2766 4074 3240 4143 existimantes
3284 4089 3630 4162 pecatum,
3677 4077 3855 4143 sicut
3884 4096 4017 4142 nec

288 4183 792 4249 extimaverant
838 4181 1192 4263 ecclesias,
1240 4194 1311 4249 et
1353 4202 1554 4249 sacra
1614 4183 2078 4270 prophanare,
2141 4183 2522 4251 incendere
2569 4194 2640 4249 et
2693 4182 3015 4250 demoliri
3078 4203 3161 4249 ac
3225 4183 3668 4250 eucaristiam
3729 4196 3800 4250 et
3859 4204 4018 4250 ossa

286 4302 691 4356 sanctorum
739 4289 1157 4356 conculcare
1204 4300 1275 4354 et
1321 4288 1746 4356 comburere.

152 4395 239 4461 35
481 4395 694 4462 Multi
737 4417 1037 4484 namque
1086 4396 1173 4461 de
1219 4395 1383 4483 ipsis
1426 4395 1646 4463 tribus
1690 4397 2027 4486 squadris,
2074 4398 2193 4486 qui
2236 4397 2630 4466 affinitatem
2675 4396 3027 4464 habebant
3059 4417 3214 4464 com
3243 4395 3533 4476 Rubeis,
3565 4397 4023 4466 obviaverunt

288 4503 737 4570 attinentium
797 4523 1076 4569 suorum
1137 4503 1379 4570 domos
1435 4504 1893 4570 sacomanari.
1985 4505 2129 4571 Sed
2183 4504 2412 4572 nullus
2474 4504 2609 4572 fuit
2671 4526 2758 4571 ex
2815 4504 3110 4583 Rubeis,
3167 4504 3284 4592 qui
3348 4516 3578 4571 essent
3642 4504 3914 4584 divites,
3975 4527 4021 4570 a

290 4609 546 4697 quibus
590 4629 731 4674 non
778 4609 992 4676 fuerit
1038 4610 1305 4697 aliquid
1349 4609 1422 4674 in
1465 4610 1801 4698 pecunijs‚
1851 4623 1970 4677 aut
2015 4611 2169 4700 alijs
2213 4611 2423 4678 rebus
2469 4622 2833 4691 extortum,
2882 4612 3020 4676 hoc
3082 4610 3294 4677 modo
3340 4609 3687 4678 videlicet.
3778 4608 4019 4698 Aliqui

300 4717 589 4803 capistri
638 4717 884 4784 armati
931 4737 1019 4783 ea
1060 4728 1290 4796 nocte,
1338 4730 1409 4784 et
1456 4719 1661 4785 etiam
1705 4719 1928 4784 altera
1972 4718 2091 4786 die
2137 4731 2403 4805 sequta,
2450 4717 2805 4807 fingebant
2848 4718 3007 4785 vele
3051 4717 3333 4783 deicere
3380 4730 3620 4803 portas
3665 4729 3737 4784 et
3796 4716 4020 4783 hostia

295 4826 668 4891 domorum
714 4822 1141 4901 Rubeorum,
1188 4833 1264 4889 ut
1310 4822 1461 4888 illas
1504 4837 2049 4891 sacomanarent.
2139 4825 2451 4890 Rumore
2520 4826 2774 4904 levato,
2843 4823 3009 4890 illuc
3079 4821 3514 4890 accedebant
3574 4843 3662 4890 ex
3721 4823 4019 4889 attinen-

158 4933 249 4996 40
296 4929 504 5009 tibus,
553 4928 725 4995 sive·
774 4930 892 5017 qui
936 4950 1011 4994 se
1058 4929 1320 4996 amicos
1365 4929 1718 5019 fingebant
1765 4942 1836 4996 et
1883 4929 2165 4998 obviare
2211 4931 2631 5010 simulantes,
2677 4950 2890 5019 seque
2937 4927 3486 4997 intromittebant
3516 4949 3675 4997 com
3720 4942 4014 5016 patrono

293 5037 564 5116 domus,
613 5037 732 5124 qui
775 5059 863 5104 ne
911 5048 1494 5116 sacomanaretur,
1541 5037 1647 5103 his
1706 5036 2150 5124 persolvebat
2202 5050 2306 5105 tot
2351 5039 2664 5117 ducatos,
2710 5049 2830 5104 aut
2892 5048 3150 5103 tantam
3212 5038 3661 5125 quantitatem
3706 5036 3907 5123 panis
3952 5048 4025 5103 et

294 5145 363 5208 in
418 5165 506 5209 ea
552 5142 760 5210 domo
805 5142 1163 5230 ponebant
1208 5143 1477 5231 aliquos
1521 5144 1831 5211 soldatos
1875 5145 2022 5211 sive
2069 5166 2156 5210 ex
2201 5164 2439 5212 eorum
2484 5144 2920 5232 sequacibus,
2952 5157 3027 5210 ut
3058 5144 3339 5211 domum
3383 5155 3739 5210 servarent
3770 5154 3840 5209 et
3870 5143 4020 5230 qui-

292 5249 426 5315 bus
472 5269 762 5330 necesse
810 5260 962 5316 erat
1006 5261 1303 5335 patrono
1348 5249 1616 5317 solvere
1678 5270 1808 5336 pro
1870 5270 2108 5317 eorum
2155 5249 2394 5319 labore
2456 5262 2562 5324 tot
2624 5270 2892 5330 aureos,
2954 5262 3161 5337 prout
3222 5249 3477 5317 divites
3541 5262 3739 5316 erant
3799 5260 3871 5314 et
3922 5249 4025 5315 eis

294 5357 545 5423 facere
590 5369 1024 5443 sumptuosas
1067 5376 1424 5442 expensas.
1515 5355 1931 5423 Extimatum
1964 5357 2097 5423 fuit
2128 5377 2331 5424 omne
2365 5358 2693 5423 damnum
2722 5357 3133 5424 Rubeorum
3166 5357 3573 5423 ducatorum
3607 5375 3779 5422 xxv.
3811 5354 4021 5422 mille.

165 5461 247 5529 45
295 5465 381 5529 In
444 5465 587 5529 hoc
651 5462 833 5530 enim
896 5462 1226 5528 conflictu
1274 5462 1495 5529 solum
1543 5462 1815 5549 periere
1860 5475 2178 5551 quatuor,
2233 5463 2458 5530 silicet
2518 5463 2693 5530 dicti
2755 5464 2896 5530 duo
2959 5463 3271 5550 appensi,
3334 5461 3615 5549 quidam
3669 5461 4028 5528 ortulanus

291 5581 620 5657 repertus
665 5569 736 5634 in
780 5569 916 5647 via,
965 5568 1285 5658 cognitus
1344 5566 1635 5636 Rubeus
1699 5582 1768 5635 et
1828 5569 2107 5657 quidam
2171 5570 2261 5636 de
2323 5568 2539 5637 tribus
2600 5569 2937 5657 squadris,
3002 5569 3122 5657 qui
3180 5568 3252 5633 in
3313 5580 3526 5635 strata
3585 5567 3870 5656 publica
3931 5568 4026 5634 ad

295 5679 584 5744 domum
629 5673 917 5762 Antonij
964 5674 1175 5741 Bravi
1220 5695 1376 5741 com
1419 5696 1560 5741 una
1603 5674 1877 5743 ballista
1936 5676 2264 5765 sagitatus
2325 5677 2460 5742 fuit
2519 5688 2590 5743 et
2649 5687 2975 5742 mortuus,
3067 5674 3490 5742 Monasteria
3548 5674 3753 5741 etiam
3804 5673 4027 5740 sancti

290 5783 544 5864 Paulli,
592 5781 822 5849 sancti
866 5781 1250 5849 Alexandri
1296 5793 1365 5848 et
1409 5783 1631 5850 sancti
1677 5782 1992 5864 Odorici,
2039 5804 2333 5871 quorum
2377 5782 2675 5850 abatisse
2719 5794 2919 5849 erant
2948 5781 3221 5861 Rubee,
3253 5793 3588 5848 steterunt
3620 5782 3692 5846 in
3722 5781 4021 5848 maximo

469 6071 566 6124 41.
604 6051 993 6124 persolvebat]
1032 6053 1426 6122 persolvebant
1461 6054 1576 6109 cod.
1601 6081 1626 6095 -
1665 6052 1854 6124 panis]
1892 6054 2033 6123 pani
2065 6053 2180 6108 cod.

4169 3348 4328 3399 Mun„
4357 3347 4438 3389 25⁴
