4895 7066
563 1299 602 1331 c.
629 1295 719 1336 103
745 1297 774 1327 Υ

513 3095 666 3143 Mus..
698 3091 780 3136 3⁶9

554 3418 595 3452 c.
622 3414 708 3455 103
738 3416 770 3447 v

560 5665 603 5700 G·
631 5666 716 5704 10}
751 5668 777 5696 Υ

943 467 1038 543 98
2224 459 2703 535 CRONICA
2758 457 3338 532 GESTORUM
3821 462 3930 534 [Α.
3970 465 4130 520 1481
4174 460 4650 533 mmo-aptae]

937 615 1175 628 muno-...-
1179 615 1720 627 ....................................
1724 607 3518 624 mnu-n·..a-..-.nn-..0-.··-0·0··-000-0..„mun-u...-ffl-m-n-mu-numwmm-mmm„
3523 603 4054 614 .--u..m···.-u.·-·-·.-···--0·--—·-

928 732 1045 821 qui
1076 752 1259 799 nunc
1291 729 1676 798 Mediolani
1705 727 2135 816 reperiuntur
2165 745 2295 815 pro
2326 726 2519 793 facto
2552 722 2997 802 additionum,
3028 731 3353 809 poterunt
3397 719 3586 788 dicta
3612 717 3865 808 partita
3895 717 4278 806 intelligere
4326 729 4396 784 et
4447 713 4649 781 exin-

935 839 1024 906 de
1070 838 1185 904 hic
1229 838 1539 904 refferre.
1610 823 1619 850 ²
3161 917 3172 930 ἱ

1105 945 1257 1011 Η80
1305 943 1581 1031 quidem
1627 942 1742 1009 die
1788 954 2127 1010 venerunt
2172 961 2374 1020 nova,
2438 939 2627 1028 quod
2689 937 3005 1004 dominus
3065 934 3399 1003 Obiectus
3444 935 3533 1002 de
3581 934 3811 1000 Flisco
3858 945 3929 1000 et
3971 932 4288 999 dominus
4331 930 4653 1017 Prosper

928 1049 1255 1118 Adurnus
1300 1050 1722 1116 intraverunt
1766 1050 2058 1138 Januam
2107 1068 2261 1114 com
2308 1047 2609 1134 quinque
2655 1043 2952 1110 millibus
2993 1043 3324 1130 peditum,
3355 1054 3431 1108 ut
3461 1041 3847 1127 deponatur
3878 1039 4193 1107 dominus
4220 1037 4652 1125 Baptistinus

931 1159 1021 1225 de
1066 1156 1647 1244 Campofurgosio
1694 1155 1858 1233 dux,
1907 1167 1977 1222 et
2021 1153 2209 1242 quod
2251 1153 2390 1241 jam
2437 1152 2690 1218 multos
2736 1151 2897 1217 duci
2943 1150 3258 1216 faventes
3304 1148 3903 1215 obtruncaverant.
4741 1145 4776 1211 5

1105 1263 1421 1332 Decessit
1450 1266 1535 1329 23
1571 1261 1804 1351 marcij
1854 1262 2007 1329 avia
2036 1272 2347 1327 materna
2378 1259 2635 1325 domini
2668 1256 2857 1324 Petri
2887 1255 3173 1344 Antonij
3206 1255 3525 1334 Centoni,
3573 1276 3707 1343 que
3755 1266 3903 1321 erat
3935 1255 4130 1322 etatis
4160 1276 4504 1322 annorum
4541 1276 4651 1324 cv.

929 1392 1064 1440 nec
1110 1371 1448 1458 reperitur
1493 1370 1664 1437 alius
1708 1382 1848 1436 tam
1893 1390 2107 1435 senex
2152 1368 2222 1433 in
2268 1366 2566 1444 civitate,
2612 1385 2747 1431 1100
2793 1364 3194 1450 episcopatu
3238 1361 3509 1430 Parme.

1107 1478 1261 1544 Hoc
1305 1499 1540 1544 mense
1587 1475 1869 1563 febrarii
1921 1475 2109 1541 cirea
2151 1474 2359 1539 finem
2419 1472 2732 1539 restituta
2790 1484 2946 1537 sunt
3005 1470 3419 1537 Florentinis
3480 1469 3711 1538 omnia
3772 1481 3996 1537 castra
4057 1471 4155 1537 eis
4207 1483 4492 1557 arrepta
4553 1493 4684 1558 per

927 1605 1166 1675 regem
1214 1582 1753 1661 Ferdinandum,
1803 1603 1891 1648 ex
1937 1600 2076 1668 quo
2122 1579 2222 1645 illi
2268 1578 2709 1646 exsolverunt
2752 1597 3000 1644 aureos
3047 1576 3569 1662 quatuordecim
3614 1575 3833 1653 mille3
3870 1587 3939 1642 et
3969 1577 4099 1643 nisi
4131 1578 4374 1644 fuisset
4419 1579 4652 1665 impe-

933 1691 1308 1758 dimentum
1354 1688 1814 1767 Turchorum,
1865 1709 1949 1754 ea
1997 1698 2220 1753 castra
2263 1705 2405 1752 non
2450 1683 2850 1750 restituisset
2895 1683 3121 1751 dictus
3164 1704 3308 1749 1011.
4706 1686 4780 1751 10

1108 1796 1438 1864 Secundo
1487 1793 1749 1881 aprillis
1787 1793 1947 1860 1481
1989 1793 2160 1858 hora
2205 1791 2512 1858 secunda
2540 1790 2783 1869 noctis,
2816 1811 2970 1857 cum
3003 1789 3280 1878 quidam
3312 1789 3653 1857 Antonius
3683 1790 3774 1857 de
3804 1790 4206 1859 Mediolano
4237 1791 4650 1879 speciarius,

926 1905 1032 1971 vir
1076 1903 1237 1970 satis
1283 1902 1658 1989 tranquilus
1704 1912 1775 1967 et
1821 1900 2019 1966 etatis
2062 1910 2451 1985 provectus,
2499 1896 2886 1963 discedens*
2911 1916 3068 1962 com
3114 1897 3379 1964 laterna
3423 1919 3466 1963 a
3510 1898 3853 1984 speciaria
3897 1897 4192 1974 illorumss
4215 1899 4305 1965 de
4351 1899 4654 1978 Palmia,

927 2022 1001 2077 ut
1044 2010 1174 2077 iret
1218 2009 1496 2076 domum
1540 2007 1612 2073 in
1656 2006 1907 2072 vicinia
1953 2005 2189 2072 Sancti
2237 2003 2633 2082 Salvatoris,
2679 2001 3037 2089 applicans
3067 2003 3159 2070 ad
3190 2004 3513 2091 angulum
3559 2002 3828 2071 illorum
3874 2004 3964 2071 de
3995 2003 4250 2084 Borris,
4283 2005 4652 2074 insultatus

931 2117 1062 2182 fuit
1108 2129 1178 2183 et
1220 2115 1447 2182 multis
1491 2112 1887 2182 vulneribus
1941 2112 2320 2192 confossus,
2366 2110 2554 2178 illico
2585 2110 2792 2178 vitam
2822 2109 3127 2196 perdidit
3158 2121 3228 2177 et
3256 2109 3601 2197 marsupio
3633 2110 4004 2180 derobatus
4049 2112 4198 2179 fuit.
4291 2114 4456 2180 Nec
4489 2115 4654 2181 sciri

928 2223 1152 2309 potuit
1196 2222 1564 2289 homicida.
4704 2223 4772 2288 15

1098 2329 1339 2395 Tertio
1388 2329 1555 2395 dicti
1598 2329 1850 2396 mensis
1896 2327 2156 2415 aprillis
2187 2326 2554 2425 ⁸redierunt
2597 2325 2915 2392 Parmam
2961 2324 3059 2390 illi
3108 2324 3294 2392 cives
3354 2324 3470 2411 qui
3515 2323 3780 2391 iverant
3823 2325 4300 2394 Mediolanum
4361 2350 4505 2416 pro
4551 2329 4655 2396 le-

923 2435 1167 2502 vandis
1211 2435 1674 2504 additionibus
1721 2434 2100 2502 communis
2146 2447 2216 2501 et
2261 2434 2376 2522 qui
2411 2456 2500 2499 ex
2526 2434 2843 2520 opposito
2875 2455 2963 2499 ne
2999 2433 3409 2510 levarentur,
3443 2451 3596 2498 com
3630 2434 4073 2500 conclusione
4107 2447 4177 2501 et
4208 2437 4652 2504 ordinatione

926 2541 997 2607 in
1048 2541 1333 2608 consilio
1396 2543 1599 2608 castri
1659 2542 1868 2621 facta,
1925 2541 2115 2630 quod
2172 2540 2558 2608 additiones
2615 2541 2764 2627 ipse
2830 2540 3078 2607 durent
3124 2552 3194 2606 et
3240 2539 3603 2627 exigantur
3648 2537 3737 2605 ab
3783 2539 4203 2626 emptoribus
4247 2564 4376 2630 per
4423 2556 4654 2611 totum

923 2670 1175 2714 annum
1229 2647 1419 2727 1487,
1468 2660 1538 2716 et
1580 2670 1708 2735 per
1753 2648 2040 2716 Rubeos
2087 2649 2487 2715 sachezatos
2530 2668 2659 2734 pro
2704 2657 2889 2713 resto
2935 2666 3057 2713 suo
3102 2665 3229 2733 pro
3277 2665 3457 2712 anno
3513 2646 3701 2714 1488.

1098 2754 1562 2822 Existentibus
1606 2754 1905 2821 Turchis
1934 2755 2006 2820 in
2035 2753 2337 2841 Apullea
2382 2766 2453 2821 et
2499 2752 2960 2820 obtinentibus
3005 2752 3352 2820 civitatem
3397 2752 3838 2832 Idrontinam,
3885 2755 4096 2822 multe
4144 2775 4383 2822 eorum
4413 2758 4654 2845 gallee
4699 2762 4777 2825 20

921 2872 1359 2927 accesserunt
1403 2861 1542 2928 1100
1586 2881 1769 2927 811110
1824 2861 1983 2926 1481
2035 2862 2108 2927 111
2153 2882 2389 2927 11101180
2436 2860 2675 2950 marcij
2726 2859 2819 2926 ad
2864 2859 3175 2938 insulam,
3221 2857 3337 2924 ubi
3385 2859 3700 2925 canonici
3733 2861 4086 2949 regulares
4120 2861 4362 2928 Sancti
4406 2862 4661 2953 Aug-u-

918 2966 1073 3033 stini
1118 2966 1373 3034 habent
1418 2968 1490 3032 in
1536 2968 1831 3034 culmine
1879 2968 2127 3034 montis
2173 2965 2518 3034 abbatiam
2564 2966 3004 3033 fortissimam
3071 2977 3141 3032 et
3193 2964 3306 3030 cui
3359 2976 3532 3031 totta
3575 2964 3797 3032 insula
3843 2967 4165 3034 circuitus
4223 2968 4426 3035 trium
4493 2970 4653 3037 mil-

934 3073 1276 3139 liariorum
1322 3073 1574 3154 subest,
1619 3085 1696 3140 ut
1739 3072 2105 3141 abba'tiam
2150 3074 2460 3141 fonditus
2504 3072 2927 3139 mollirentur
2971 3084 3042 3139 et
3089 3071 3464 3138 canonicus
3497 3072 3939 3141 trucidarent.
4035 3072 4305 3152 Quibus
4350 3077 4649 3144 Beatam

920 3178 1278 3267 Virginem
1324 3202 1454 3268 pro
1504 3181 1641 3247 loci
1689 3194 1759 3248 et
1805 3201 2038 3247 eorum
2088 3178 2492 3247 liberatione
2541 3179 2909 3258 orantibus,
2954 3179 3214 3246 vallida
3269 3179 3473 3245 maris
3518 3192 3891 3267 tempestas
3936 3192 4087 3246 orta
4131 3195 4253 3260 est,
4317 3204 4656 3270 quassans

922 3299 991 3352 et
1033 3287 1442 3374 perturbans
1485 3311 1717 3356 naves.
1806 3273 1914 3355 De
1962 3288 2141 3355 cello
2189 3308 2464 3376 quoque
2526 3288 2898 3376 grandines
2944 3287 3212 3353 assidue
3274 3299 3343 3353 et
3388 3286 3725 3353 terribiles
3774 3288 4103 3354 cadentes
4149 3290 4647 3376 impedierunt'
4693 3293 4767 3359 25
4833 3337 4836 3338 ν

921 3396 1524 3465 111101110111188111108
1553 3396 1874 3462 Turchos
1905 3395 1996 3461 ad
2025 3408 2276 3462 terram
2323 3395 2771 3472 descendere,
2803 3394 2981 3460 inter
3027 3414 3201 3481 quos
3231 3393 3518 3459 aderant
3562 3394 3870 3460 nonnulli
3920 3395 4268 3461 christiani
4310 3400 4653 3478 renecati,

920 3505 1035 3593 qui
1080 3523 1419 3570 memores
1463 3502 1933 3571 misericordie
1997 3513 2065 3569 et
2124 3500 2496 3591 gratiarum
2539 3502 2753 3568 Beate
2802 3501 3110 3590 Virginis
3156 3521 3229 3568 se
3291 3500 3389 3565 illi
3455 3501 3990 3583 commisserunt‚
4052 3515 4385 3572 voventes
4448 3526 4655 3573 nom-

920 3634 1124 3700 quam
1156 3612 1361 3679 fidem
1391 3611 1645 3680 Christi
1693 3610 2145 3679 derelicturos
2191 3621 2260 3676 et
2308 3630 2464 3676 com
2510 3610 2712 3677 armis
2756 3632 2829 3676 se
2873 3610 2948 3675 in
2993 3609 3151 3675 loco
3199 3609 3384 3674 dicte
3431 3606 3707 3676 abbatie
3752 3629 3883 3696 pro
3929 3610 4300 3698 gratiarum
4345 3614 4652 3692 actione,

917 3719 975 3785 si
1021 3730 1389 3805 tempestas
1435 3730 1755 3796 cessaret,
1800 3718 2257 3804 profecturos.
2351 3715 2622 3794 Quibus
2667 3718 2767 3784 sic
2814 3716 3185 3795 orantibus,
3232 3716 3505 3782 reddita
3554 3728 3656 3783 est
3701 3717 3870 3782 mari
3916 3718 4370 3806 tranquillitas
4414 3732 4493 3787 et
4523 3741 4654 3789 vo-

918 3838 1161 3891 ventes
1206 3837 1367 3891 vota
1409 3824 1910 3911 persolverunt.
2002 3824 2218 3890 Turci
2262 3845 2428 3891 vero
2479 3844 2635 3889 com
2681 3823 2959 3890 navillio
3009 3838 3162 3889 orta
3209 3823 3674 3912 tranquilitate
3721 3824 3956 3890 festini
4005 3825 4490 3906 discesserunt,
4542 3827 4648 3894 in·
4689 3829 4767 3893 30

921 3930 1065 3998 sule
1113 3929 1369 3996 nullam
1417 3930 1756 3997 offensam
1800 3931 2211 4009 inserentem
2260 3951 2394 4017 que
2440 3929 2663 3995 insula
2709 3942 2812 3996 est
2854 3932 2946 3997 xl.
2995 3930 3304 4021 miliarijs
3349 3931 3422 3995 in
3465 3930 3659 3997 mari.

1097 4035 1262 4115 Quo
1309 4048 1618 4123 tempore
1667 4057 1821 4104 com
1853 4037 2163 4103 nonnulli
2208 4037 2547 4125 Ragusini
2582 4056 2740 4103 com
2783 4037 2942 4102 navi
2973 4037 3104 4102 iter
3137 4037 3552 4124 dirrigerent
3599 4037 3690 4103 ad
3734 4049 3967 4124 partes
4015 4038 4406 4118 orientales,
4455 4042 4654 4108 navi-

920 4157 1166 4233 garent
1213 4157 1282 4211 et
1326 4144 1638 4231 procella
1681 4144 2076 4230 impellente
2123 4144 2194 4209 in
2240 4143 2598 4230 scopulum
2648 4143 3016 4221 dedissent,
3064 4154 3268 4229 rupta
3311 4142 3491 4221 navi,
3536 4143 3611 4208 in
3661 4130 4259 4230 terram*profec⁶ti
4307 4160 4490 4225 sunt,
4529 4169 4650 4213 ex-

919 4263 1283 4338 pectantes
1343 4251 1696 4318 transitum
1757 4251 2044 4317 alicuius
2102 4251 2355 4342 navigij
2379 4298 2398 4330 ,
2464 4274 2506 4316 a
2566 4271 2703 4339 quo
2765 4251 3176 4317 levarentur.
3272 4251 3430 4316 Hoc
3489 4250 3720 4317 medio
3788 4252 4116 4317 nonnulle
4188 4254 4650 4321 cursariorum

923 4358 1189 4423 Turchi
1234 4379 1447 4424 naves
1491 4358 1628 4424 huc
1676 4358 2106 4445 applicantes
2153 4370 2222 4424 et
2265 4359 2404 4424 hoc
2450 4357 2984 4444 perpendentes,
3023 4377 3259 4424 omnes
3302 4358 3431 4424 hos
3478 4357 3872 4445 Ragusinos
3919 4357 4228 4444 captivos
4274 4359 4644 4441 duxerunt,
4686 4357 4760 4426 35

924 4484 1096 4550 quos
1139 4464 1212 4529 in
1258 4463 1554 4551 quadam
1601 4464 1934 4530 artissima
1978 4463 2144 4530 turri
2190 4483 2452 4551 aquosa
2498 4463 2961 4542 observantes,
2996 4461 3213 4530 Beata
3258 4463 3479 4552 Virgo
3526 4463 3752 4531 Maria
3781 4463 4105 4550 precibus
4137 4478 4652 4534 carceratorum

926 4571 1155 4650 ducta,
1202 4571 1330 4636 hos
1378 4590 1614 4636 omnes
1659 4568 1882 4636 subito
1928 4569 2068 4635 ullo
2114 4571 2260 4636 sine
2308 4571 2587 4659 navigio
2633 4592 2761 4657 per
2806 4583 3118 4637 trecenta
3162 4570 3368 4636 maris
3413 4570 3733 4636 milliaria
3776 4571 3870 4637 ad
3930 4570 4184 4638 dictam
4239 4572 4534 4639 insulam
4585 4589 4652 4642 et

926 4675 1272 4744 abbatiam
1319 4677 1808 4744 canonicorum
1855 4676 2093 4744 Sancti
2136 4675 2501 4765 Augustini
2547 4676 2851 4756 adduxit,
2898 4676 3015 4764 qui
3060 4677 3465 4743 miraculum
3527 4676 3853 4743 fratribus
3915 4690 4331 4759 enarrantes,
4381 4680 4650 4751 obtule-

920 4794 1078 4849 runt
1123 4804 1198 4849 se
1244 4783 1470 4850 multis
1515 4784 1709 4849 annis
1752 4783 1824 4848 in
1871 4802 2105 4850 eorum
2153 4796 2221 4850 et
2265 4785 2482 4850 Beate
2529 4783 2833 4872 Virginis
2878 4784 2977 4850 ibi
3025 4784 3302 4851 servitia
3349 4807 3423 4851 se
3471 4784 3935 4871 emancipare.

1099 4891 1180 4956 In
1223 4889 1565 4977 principio
1610 4890 1811 4957 huius
1855 4889 2103 4955 mensis
2149 4889 2407 4976 aprillis
2453 4903 2788 4957 venerunt
2832 4911 3015 4957 nova
3045 4890 3388 4970 Parmam,
3420 4891 3737 4980 qualliter
3781 4891 4104 4959 Turchus
4133 4892 4206 4959 111
4249 4893 4651 4962 Constanti·
4695 4897 4767 4960 40

920 4995 1158 5082 nopoli
1219 5018 1292 5063 se
1351 4995 1642 5082 parabat
1701 5008 2060 5063 venturum
2120 4997 2574 5083 personaliter
2639 5017 2792 5062 com
2854 4997 3118 5085 ingenti
3164 4999 3445 5086 navigio
3495 5009 3564 5064 et
3611 5010 3949 5084 apparatu
3993 4999 4325 5066 Rhodum
4371 5015 4446 5068 et
4491 5022 4651 5069 com

922 5101 1230 5190 pluribus
1261 5117 1331 5171 et
1359 5102 1734 5169 maioribus
1779 5101 2194 5182 bombardis,
2226 5124 2430 5191 quam
2465 5103 2714 5170 fecerit
2745 5116 2970 5171 extate
3004 5104 3318 5185 decursa,
3350 5105 3706 5172 instituens
3739 5105 4018 5172 omnino
4053 5106 4399 5173 civitatem
4432 5108 4651 5196 ipsam

936 5209 1269 5290 obtinere,
1317 5210 1445 5276 nisi
1488 5209 1679 5275 Deus
1727 5208 2127 5276 obviaverit.

1103 5317 1237 5383 Die
1283 5317 1555 5383 decimo
1604 5315 1860 5403 aprillis
1905 5315 2214 5382 transivit
2257 5338 2385 5403 per
2415 5317 2734 5383 Parmam
2765 5340 2937 5385 unus
2971 5319 3262 5384 ellefans
3307 5319 3485 5386 altus
3516 5318 3822 5409 brachijs
3853 5321 4009 5408 plus
4038 5319 4271 5399 tribus,
4307 5321 4427 5409 qui
4457 5322 4652 5411 equi-

928 5422 1198 5489 tabatur
1260 5422 1348 5489 ab
1407 5444 1547 5489 uno
1607 5423 1831 5510 ipsum
1893 5423 2190 5490 ducente
2255 5445 2341 5489 ex
2400 5424 2626 5512 Janua
2683 5425 2741 5489 F
2745 5426 3036 5493 erariam
3099 5425 3192 5491 ad
3239 5426 3490 5492 ducem
3536 5427 3932 5506 Herculem,
3998 5427 4108 5493 cui
4168 5428 4409 5494 missus
4457 5442 4561 5496 est
4605 5451 4648 5495 a
4689 5423 4760 5492 45

927 5550 1097 5617 rege
1143 5529 1756 5618 Cartaginensium.
1848 5531 1957 5596 De
2006 5550 2143 5617 quo
2190 5549 2428 5597 omnes
2475 5531 2787 5597 admirati
2833 5543 3007 5611 sunt,
3053 5553 3189 5598 nec
3249 5533 3430 5600 ullus
3493 5545 3810 5622 equester
3870 5547 4145 5621 poterat
4191 5534 4380 5600 illum
4429 5536 4644 5623 sequi,

931 5634 1051 5701 ex'
1094 5636 1275 5702 illius
1318 5637 1544 5703 veloci
1590 5636 1832 5703 itinere
1881 5649 1949 5703 et
1996 5637 2244 5703 dicitur
2291 5638 2490 5704 etatis
2536 5657 2869 5705 annorum
2918 5639 3229 5719 duorum,
3274 5640 3539 5707 habens
3583 5641 3757 5708 duos
3792 5642 4036 5708 dentes
4081 5640 4276 5708 albos
4321 5641 4410 5709 ab
4460 5656 4652 5709 extra

940 5742 1182 5831 longos
1225 5764 1364 5809 una
1407 5743 1656 5829 palma.

1111 5848 1265 5913 Hac
1311 5847 1423 5913 die
1473 5848 1804 5934 applicuit
1848 5849 2166 5915 Parmam
2197 5851 2806 5919 reverendissimus
2852 5852 3168 5920 dominus
3215 5850 3579 5941 episcopus
3608 5854 4000 5922 Parmensis
4043 5855 4333 5923 veniens
4377 5878 4422 5921 a
4465 5856 4648 5944 regi-

939 5954 1119 6018 mine
1165 5965 1377 6020 status
1421 5954 1823 6033 Mediolani,
1875 5955 1966 6021 ad
2012 5977 2215 6043 quem
2264 5959 2629 6044 deputatus
2678 5971 2798 6026 est.
4692 5958 4764 6026 50
