4895 7066
256 470 379 548 [A-
422 479 599 535 1⁴⁷9
636 474 943 547 sebur-aio]
1445 463 1561 542 IN
1611 462 2132 542 PARTIBUS
2186 460 2821 540 LOMBARDIE
3887 458 3983 533 39

462 728 743 795 Eodem
787 747 974 794 anno
1029 726 1195 799 1479
1243 729 1361 797 die
1407 740 1658 798 octava
1704 726 2061 816 februar-ij,
2109 728 2436 814 quoniam
2483 728 2733 793 fratres
2777 724 3131 814 quondam
3176 724 3444 793 domini
3490 724 3692 792 ducis
3738 724 3996 792 Galeaz

270 836 606 921 superius
647 833 959 919 expressi
1003 845 1336 919 ruperant
1380 834 1687 901 confines
1731 843 1803 900 et
1848 854 1924 899 se
1968 832 2459 900 adhesiverant
2501 831 2578 897 in
2623 830 2939 918 partibus
2965 829 3331 897 Lunesane
3364 830 3649 898 domino
3678 829 3996 898 Roberto

277 963 375 1009 ex
422 940 691 1008 Sancto
736 938 1099 1019 Severino,
1144 961 1430 1028 gueram
1471 939 1816 1007 minantes
1859 939 2067 1007 statui
2111 937 2525 1015 Mediolani,
2570 949 2709 1006 tres
2752 939 3052 1026 squadre
3099 936 3512 1005 Parmenses
3571 936 3766 1004 unite
3826 934 4002 1001 insi-

274 1047 428 1113 mul
495 1048 793 1114 multum
858 1058 1017 1113 sunt
1082 1046 1229 1113 vise
1299 1045 1497 1115 letari
1565 1057 1637 1114 et
1681 1046 2075 1114 vociferare
2117 1045 2304 1111 hunc
2348 1053 2603 1111 statum
2647 1043 3223 1130 periclitaturum,
3268 1043 3485 1111 multa
3545 1040 3998 1111 cominantes.
4037 1060 4045 1077 ·

180 1152 225 1220 5
286 1155 466 1222 Ideo
508 1155 709 1220 facta
774 1152 910 1219 fuit
974 1165 1046 1220 et
1111 1164 1499 1220 convocata
1541 1174 1776 1222 coram
1837 1151 2120 1221 domino
2179 1149 2641 1241 gubernatore
2700 1172 2840 1216 una
2899 1150 3254 1219 credentia
3313 1150 3684 1218 duodecim
3743 1149 4003 1215 civium

284 1282 377 1326 ex
423 1260 781 1347 optimatis
824 1258 1195 1327 cuiuslibet
1236 1260 1537 1347 squadre
1580 1261 1760 1328 ultra
1803 1260 2143 1338 aetianos,
2190 1258 2441 1346 quibus
2485 1258 2666 1325 lecte
2709 1267 2868 1324 sunt
2914 1257 3195 1325 ducales
3245 1257 3477 1324 littere
3539 1255 3999 1332 continentes,

289 1366 621 1454 qualliter
665 1365 1115 1432 illustrissimi
1160 1366 1423 1434 domini
1468 1365 1686 1434 ηοω
1729 1375 2210 1453 persenserant
2252 1364 2383 1431 hos
2426 1364 2622 1431 cives
2666 1364 2906 1431 timere
2934 1363 3028 1431 ob
3057 1363 3286 1432 dictas
3315 1364 3686 1430 confinium
3715 1362 4007 1429 tractio-

296 1492 461 1540 nem
492 1483 565 1538 et
594 1472 923 1539 unionem
968 1472 1193 1540 iactas
1235 1493 1363 1559 per
1405 1471 1801 1541 antedictos
1847 1472 1997 1539 eius
2040 1480 2377 1559 cognatos
2420 1480 2492 1536 et
2537 1470 2699 1537 ideo
2745 1469 3148 1537 ortabantur
3192 1490 3429 1536 omnes
3471 1470 3661 1536 cives
3693 1469 3785 1537 ad
3814 1477 4004 1534 tran-

294 1579 489 1666 quile
536 1578 938 1658 vivendum,
986 1578 1298 1666 beneque
1341 1579 1787 1665 sperandum,
1832 1578 2025 1666 quod
2090 1577 2209 1643 hic
2269 1588 2489 1645 status
2550 1576 2736 1643 foret
2789 1576 3041 1657 victor,
3087 1586 3703 1644 commemorantes
3747 1573 4006 1641 habere

152 1688 239 1752 10
290 1685 367 1752 in
414 1685 761 1752 auxilium
805 1684 1134 1764 Venetos,
1180 1686 1429 1753 ducem
1473 1685 1758 1753 Ferarie
1786 1684 1897 1753 *de
1941 1682 2263 1770 proximo
2308 1703 2444 1749 con
2489 1693 2637 1749 toto
2698 1703 2821 1749 suo
2877 1703 3084 1770 posse
3127 1682 3611 1770 equitaturam,
3657 1682 4005 1749 marchio-

295 1812 461 1858 nem
504 1790 1020 1859 Montisferrati
1068 1792 1342 1859 noviter
1385 1792 1477 1858 ad
1521 1802 1759 1859 nostra
1802 1790 2152 1877 stipendia
2199 1789 2642 1869 conductum,
2685 1789 3160 1856 marchionem
3205 1788 3520 1868 Mantue,
3567 1788 3817 1856 ducem
3863 1785 4007 1852 Au-

290 1899 493 1977 relie,
524 1917 907 1986 regemque
935 1898 1365 1965 Francorum
1379 1923 1399 1977 3
1434 1909 1505 1966 et
1535 1897 1727 1966 nullo
1771 1909 1984 1985 pacto
2011 1897 2166 1963 vele
2197 1895 2642 1964 Florentinos
2672 1894 3174 1985 derelinquere,
3205 1908 3276 1962 et
3306 1895 3419 1962 his
3449 1894 3770 1962 omnibus
3798 1894 4010 1960 minis

292 2016 365 2071 et
411 2003 978 2090 preparamentis
1021 2004 1583 2072 adversariorum
1624 2021 2031 2090 preparasse
2074 2003 2409 2089 optimum
2452 2013 2524 2070 et
2567 2002 2833 2090 grande
2880 1999 3333 2069 obstaculum.

474 2110 751 2177 Eodem
795 2131 981 2178 anno
1035 2108 1201 2179 1479
1246 2129 1432 2178 nono
1476 2108 1808 2200 februarij
1857 2109 1929 2175 in
1960 2130 2162 2177 mane
2188 2108 2511 2178 transivit
2539 2128 2668 2196 per
2695 2107 3013 2175 Parmam
3043 2109 3360 2177 dominus
3387 2106 3724 2177 Albertus
3755 2109 4010 2176 Exten-
4164 2138 4204 2167 c.
4231 2133 4295 2175 so
4319 2138 4353 2168 v

155 2218 240 2283 15
292 2217 392 2282 sis
439 2217 669 2284 frater
716 2216 921 2284 ducis
964 2216 1293 2284 Herculis
1334 2216 1763 2285 Ferariensis
1805 2236 2104 2304 pergens
2148 2216 2243 2283 ad
2282 2227 2534 2283 terram
2567 2214 2961 2283 Castrinovi
2993 2215 3490 2295 Terdonensis‚
3523 2214 3784 2303 ibique'
3815 2235 4010 2281 man-
4163 2234 4316 2285 uum,
4352 2230 4431 2276 2⁹1

300 2344 509 2389 surus
570 2323 648 2389 in
710 2323 1017 2390 confinio
1079 2334 1152 2390 et
1205 2344 1412 2411 quam
1455 2334 1709 2390 terram
1754 2321 1985 2391 dictus
2030 2322 2171 2390 dux
2222 2320 2359 2390 sibi
2424 2321 2875 2390 condonavit.
2967 2321 3109 2388 Hic
3155 2323 3337 2388 enim
3398 2322 3474 2388 in
3534 2333 3758 2390 morte
3818 2321 4017 2389 ducis

298 2431 541 2519 Borsij
589 2430 914 2497 Extensis
958 2430 1275 2518 germani
1319 2430 1425 2497 sui
1469 2451 1545 2496 se
1590 2429 1946 2517 reperiens
1990 2429 2066 2494 in
2112 2438 2343 2497 castro
2387 2427 2608 2496 veteri
2655 2428 2960 2507 Ferarie,
3005 2428 3187 2497 illud
3230 2428 3663 2520 consignavit
3727 2429 3802 2495 in
3867 2450 4016 2498 ma-

295 2538 508 2604 nibus
583 2550 655 2605 et
720 2548 1061 2624 potestate
1122 2536 1298 2606 dicti
1358 2536 1617 2604 domini
1677 2536 2022 2615 Herculis,
2085 2535 2200 2602 cui
2258 2535 2335 2601 in
2403 2534 2717 2602 dominio
2784 2534 3392 2603 contradicebatur
3460 2555 3589 2623 per
3651 2536 4010 2604 dominum

300 2643 713 2711 Nicollaum
756 2643 1131 2711 Extensem
1177 2652 1502 2730 nepotem
1546 2664 1766 2723 suum,
1797 2642 1871 2709 in
1901 2642 2090 2710 dicto
2121 2642 2375 2709 ducatu
2405 2641 2652 2708 merito
2686 2653 2754 2708 et
2780 2644 2931 2732 jure
2960 2642 3338 2709 succedere
3367 2642 3754 2710 debentem.
3849 2639 4016 2719 Quo

152 2752 261 2816 20
309 2762 549 2817 castro
595 2749 862 2828 habito,
916 2749 1147 2817 medio
1215 2748 1388 2817 dicti
1458 2749 1723 2817 domini
1784 2746 2082 2828 Alberti‚
2151 2748 2301 2836 ipse
2371 2746 2694 2816 dominus
2760 2747 3094 2815 Hercules
3159 2747 3631 2836 principatum
3701 2747 4018 2815 obtinuit.

303 2855 767 2924 Postmodum
800 2874 960 2922 cum
990 2856 1180 2924 idem
1212 2855 1529 2923 dominus
1557 2855 1916 2923 Nicollaus
1946 2854 2271 2922 intrasset
2300 2854 2683 2933 Ferariam,
2714 2866 2791 2921 ut
2821 2854 2942 2920 illa
2971 2852 3332 2941 potiretur,
3364 2866 3610 2942 captus
3638 2866 3708 2923 et
3734 2853 4021 2941 decapi-

302 2974 490 3028 tatus
519 2962 666 3028 fuit
696 2982 853 3028 com
884 2962 1032 3028 suis
1060 2962 1503 3050 quammultis
1529 2959 1965 3050 sequacibus.
2055 2961 2147 3028 Et
2176 2960 2508 3050 quoniam
2538 2960 2724 3029 idem
2755 2960 3078 3028 dominus
3106 2958 3435 3028 Albertus
3477 2983 3522 3028 a
3565 2972 3717 3029 toto
3760 2960 4021 3048 populo

301 3067 713 3137 Ferariensi
742 3070 961 3135 multo
984 3070 1139 3155 plus
1165 3068 1358 3135 dicto
1382 3068 1665 3136 domino
1690 3069 1870 3136 duce
1894 3066 2363 3155 dilligebatur,
2388 3088 2532 3135 non
2561 3065 2875 3134 obstante
2898 3067 3093 3155 quod
3115 3067 3302 3135 idem
3328 3068 3471 3135 dux
3491 3068 3756 3155 potitus
3777 3068 4024 3135 fuisset

307 3174 636 3242 dominio
667 3195 755 3242 eo
784 3175 1041 3254 medio,
1074 3176 1374 3262 quadam
1407 3174 1524 3243 die
1556 3186 1838 3262 captata
1867 3173 2265 3253 occasione,
2291 3174 2460 3242 licet
2482 3174 2642 3253 levi,
2675 3173 2893 3261 ipsum
2925 3174 3282 3241 dominum
3313 3173 3681 3242 Albertum
3713 3175 4027 3245 confina-

160 3280 255 3348 25
305 3282 409 3348 vit
439 3281 787 3368 Neapoli3
832 3303 879 3346 a
921 3301 1061 3368 quo
1091 3292 1377 3368 propter
1405 3292 1795 3368 susceptum
1828 3280 2306 3368 capitaneatus
2332 3279 2684 3370 generalis
2713 3279 3033 3348 baculum
3064 3302 3193 3367 per
3219 3281 3442 3369 ipsum
3487 3282 3737 3350 ducem
3783 3292 4029 3349 contra

304 3408 551 3478 regem
597 3386 1124 3454 Ferdinandum
1169 3407 1484 3455 socerum
1529 3409 1748 3468 suum,
1794 3386 1886 3456 ab
1930 3387 2084 3474 ipso
2128 3406 2297 3476 rege
2340 3387 2663 3473 expulsus
2707 3386 2867 3466 fuit,
2912 3405 2998 3454 eo
3043 3399 3272 3454 tamen
3320 3389 3456 3455 fine
3501 3389 3692 3477 quod
3741 3409 4027 3479 gueram

306 3496 586 3561 faceret
631 3492 830 3561 dicto
875 3493 1080 3572 duci3
1125 3515 1170 3561 a
1214 3513 1356 3583 quo
1399 3494 1756 3563 Florentie
1801 3492 2103 3583 benigne
2144 3493 2280 3561 fuit
2324 3503 2661 3581 receptus,
2705 3503 2913 3579 prout
2973 3514 3184 3582 supra
3247 3506 3596 3563 narratum
3639 3508 3766 3578 est,
3812 3506 3883 3564 et
3936 3514 4026 3562 ex

308 3601 545 3688 gratia
587 3600 725 3667 hec
773 3599 1080 3667 confinia
1122 3613 1192 3668 et
1237 3601 1685 3669 donationem
1730 3600 2127 3669 castrinovi
2156 3598 2482 3688 suscepit.

496 3706 656 3774 Hoc
693 3706 901 3774 etiam
946 3727 1184 3775 mense
1213 3706 1543 3795 februarii
1577 3727 1736 3774 cum
1767 3728 1859 3782 se,
1874 3706 2256 3794 reperirent
2299 3705 2376 3773 in
2409 3706 2605 3774 curia
2635 3707 2957 3774 Romana
2986 3719 3293 3775 oratores
3338 3708 3524 3799 regis
3555 3710 3868 3789 Francia,
3900 3709 4029 3777 du-

166 3817 263 3882 30
308 3836 475 3881 cum
505 3812 923 3894 Mediolani,
968 3811 1395 3880 marchionis
1434 3812 1747 3896 Mantue,
1778 3813 1980 3881 ducis
2022 3813 2329 3892 Ferarie,
2362 3810 2809 3894 Venetorum,
2840 3814 3399 3895 Bononiensium,
3431 3815 4014 3895 Florentinorum,

311 3941 404 3988 ac
452 3920 643 4009 regis
687 3919 1146 4000 Ferdinandi‚
1190 3919 1407 3987 multa
1435 3919 1614 3988 inter
1656 3939 1776 3987 eos
1820 3930 2118 3988 tractata
2159 3930 2317 3986 sunt
2364 3941 2599 3988 coram
2645 3920 2975 4007 pontifice
3019 3941 3148 4008 pro
3176 3941 3354 4009 pace
3397 3932 3469 3989 et
3515 3923 3747 4012 quiete
3793 3923 4025 4001 Italie;

320 4038 396 4095 et
425 4040 506 4096 ut
553 4026 713 4092 finis
754 4026 1244 4114 imponeretur,
1277 4026 1509 4094 ellecti
1556 4037 1715 4094 sunt
1757 4045 2007 4093 novem
2055 4026 2447 4094 cardinales
2494 4027 2892 4114 superinde,
2938 4028 3166 4095 medio
3197 4049 3488 4117 quorum
3531 4042 3846 4116 speratur
3889 4051 4027 4117 pax

311 4134 585 4202 habere
629 4131 890 4201 debere
936 4134 1203 4212 locum3
1252 4154 1393 4221 quo
1426 4133 1633 4201 etiam
1676 4145 1985 4220 tempore
2028 4145 2322 4202 tractata
2350 4133 2486 4200 fuit
2530 4154 2667 4220 pax
2697 4153 2853 4200 com
2885 4132 3267 4203 Suvizzaris
3311 4148 3383 4202 et
3412 4147 3589 4203 statu
3621 4135 4030 4204 Mediolani.

503 4239 685 4307 Cum
726 4239 1222 4327 applicuissent
1264 4239 1339 4306 in
1386 4240 1632 4308 castris
1676 4239 1937 4309 domini
1981 4239 2281 4308 Roberti
2326 4239 2414 4308 de
2464 4239 2725 4308 Sancto
2772 4239 3109 4307 Severino
3154 4241 3228 4306 in
3285 4240 3596 4329 partibus
3653 4242 4022 4310 Lunesane
4175 4275 4216 4308 e.
4245 4273 4302 4314 eo
4336 4274 4364 4303 r

190 4347 279 4414 35
323 4349 468 4414 dux
516 4331 722 4414 Barri
766 4356 837 4413 et
881 4346 1201 4414 dominus
1244 4344 1646 4414 Ludovicus
1692 4346 1966 4415 Sforcie
2013 4346 2506 4427 Vicecomites‚
2551 4346 2800 4434 paucis
2844 4360 3079 4416 tamen
3111 4368 3267 4415 com
3297 4348 3621 4438 gentibus
3650 4355 4035 4439 transgres-

321 4454 421 4521 sis
465 4451 855 4522 confinibus
898 4471 1158 4533 eorum,
1205 4452 1668 4522 exhibuerunt
1710 4453 1787 4519 in
1832 4474 2069 4521 eorum
2102 4453 2347 4521 castris
2373 4475 2589 4521 unum
2617 4454 2940 4520 vexillum
2969 4453 3234 4540 pictum
3264 4455 3505 4541 vipera
3534 4456 4038 4524 Vicecomitum

321 4581 484 4628 com
532 4557 747 4626 breve
798 4558 1078 4626 dicente
1151 4562 1181 4596 “
1203 4558 1411 4626 Mora
1455 4560 1521 4626 le
1568 4571 1728 4627 taxe
1774 4559 1850 4627 di
1896 4560 2166 4639 cavalli,
2214 4582 2253 4626 e
2301 4560 2369 4628 la
2416 4560 2572 4628 leva
2630 4560 2747 4628 del
2807 4561 2978 4628 salle
3004 4607 3067 4642 „‚
3131 4562 3502 4629 credentes
3559 4563 3855 4650 populos
3913 4564 4041 4630 du-

326 4678 531 4733 catus
591 4664 980 4732 Mediolani
1026 4663 1394 4732 sublevare
1441 4676 1513 4734 et
1558 4686 1681 4732 eos
1723 4664 1994 4753 insequi
2037 4665 2175 4732 hac
2221 4666 2374 4744 via3
2423 4686 2510 4733 ac
2553 4667 2884 4745 dicentes,
2930 4688 3006 4733 se
3052 4667 3208 4734 vele
3268 4669 3510 4736 venire
3563 4668 4041 4736 Mediolanum

330 4772 429 4838 ad
473 4772 984 4839 defensandum
1032 4783 1104 4839 et
1144 4772 1730 4840 manutenendum
1773 4772 2128 4842 dominum
2175 4773 2426 4841 ducem
2475 4793 2715 4840 eorum
2761 4785 3089 4861 nepotem
3136 4795 3424 4861 parvum
3453 4775 3528 4841 in
3559 4787 3740 4844 statu
3769 4777 4048 4844 Medio-

202 4881 286 4945 40
333 4879 477 4945 lani
524 4890 597 4944 et
640 4878 874 4944 multis
924 4877 1199 4946 vicibus
1240 4877 1393 4965 ipse
1436 4878 1765 4948 dominus
1809 4878 2167 4947 Robertus
2211 4878 2287 4944 in
2334 4879 2543 4946 factis
2586 4900 2932 4947 armorum
2977 4880 3219 4947 habuit
3262 4900 3472 4970 agere
3518 4903 3677 4950 com
3721 4882 4048 4973 gentibus

328 4983 700 5052 ducatibus
743 5005 964 5071 prope
1011 4996 1306 5054 castrum
1339 4984 1577 5053 Sancti
1610 4984 1930 5065 stefani,
1976 4986 2170 5073 quod
2212 4998 2318 5053 est
2348 4985 2417 5051 in
2447 4984 2819 5054 Lunesana
2850 4999 2923 5054 et
2966 4986 3353 5054 custoditur
3394 5009 3524 5076 pro
3568 5001 3748 5055 statu
3793 4989 4051 5069 ducali,

332 5110 752 5176 semperque
796 5088 1040 5156 habuit
1084 5089 1305 5176 peius.
1397 5092 1489 5159 Et
1532 5091 1694 5159 loca
1737 5091 1973 5159 omnia
2013 5091 2285 5158 illarum
2330 5092 2650 5179 partium,
2698 5112 2833 5179 que
2880 5113 3010 5178 pro
3057 5093 3207 5179 ipso
3252 5105 3437 5161 statu
3495 5107 3835 5176 tenentur,
3897 5118 4051 5162 mu-

337 5197 485 5263 nita
534 5205 694 5262 sunt
737 5195 1013 5264 fortiter
1054 5216 1184 5282 pro
1230 5215 1467 5264 eorum
1511 5198 1823 5267 locorum
1871 5209 1943 5264 et
1985 5218 2312 5284 passuum
2359 5197 2774 5266 defensione
2822 5211 2894 5266 et
2938 5198 3192 5267 talliter
3224 5201 3413 5287 quod
3442 5222 3570 5288 per
3614 5200 3770 5268 illas
3799 5202 3948 5269 vias
3979 5213 4052 5269 et

342 5302 631 5370 additus
674 5321 815 5368 non
856 5313 1180 5388 poterunt
1222 5304 1537 5383 transire,
1580 5316 1659 5372 ut
1701 5305 1988 5372 veniant
2031 5305 2205 5372 citra
2263 5304 2460 5391 alpes
2505 5306 2673 5372 dicti
2720 5305 3038 5372 dominus
3080 5305 3456 5385 Robertus,
3517 5310 3663 5375 dux
3721 5308 3918 5375 Barri
3981 5322 4053 5377 et

215 5408 291 5476 45
336 5410 663 5477 dominus
703 5409 1125 5477 Ludovicus.
1215 5409 1638 5498 Dictumque
1685 5410 1841 5490 fuit,
1885 5411 2111 5498 ipsum
2145 5412 2396 5479 ducem
2426 5412 2627 5478 Barri
2657 5412 3056 5479 vendidisse
3089 5414 3353 5479 dictum
3387 5415 3712 5482 ducatum
3740 5415 4058 5484 redditus

338 5515 552 5582 annui
597 5516 849 5584 decem
897 5514 1083 5581 mille
1126 5536 1490 5584 aureorum
1536 5518 1687 5606 regi
1733 5518 2186 5586 Ferdinando
2233 5530 2303 5586 et
2347 5540 2434 5585 ve
2482 5517 2633 5585 sibi.
2726 5519 2920 5584 Idem
2967 5520 3287 5586 dominus
3331 5520 3688 5588 Robertus
3731 5522 3869 5590 hoc
3914 5544 4061 5589 me-

337 5622 457 5690 dio
503 5623 878 5689 maximam
922 5623 1257 5709 praticam
1303 5622 1547 5691 habuit
1590 5645 1749 5692 cum
1792 5624 2103 5704 Venetis,
2149 5637 2227 5692 ut
2271 5646 2348 5691 se
2394 5644 2554 5692 com
2598 5624 2704 5691 eis
2749 5626 3177 5693 conduceret
3220 5648 3349 5714 pro
3394 5627 3764 5715 capitaneo
3813 5640 4061 5698 contra

338 5730 677 5809 Teucros,
720 5728 819 5794 ad
865 5729 1004 5796 hoc
1052 5729 1639 5798 consentientibus
1683 5730 1975 5801 ducibus
2018 5730 2435 5810 Mediolani3
2484 5731 2657 5819 quid
2701 5743 2932 5799 autem
2977 5745 3323 5826 sequetur,
3368 5734 3747 5823 ignoratur.

516 5958 566 6012 8.
605 5953 984 6022 ortabantur]
1023 5954 1318 6007 ortabatur
1352 5955 1469 6009 eod.
1516 6001 1521 6006 .
