4895 7066
555 1430 705 1478 Mun..
738 1428 819 1472 ³⁵7

644 1861 826 1904 &007⁵

976 503 1070 578 84
2273 503 2751 577 CRONICA
2809 502 3388 578 GESTORUM
3974 515 4076 588 [A.
4118 521 4283 574 1480
4322 517 4676 590 novembre]

989 658 1045 667 noo-
1049 655 1289 665 --------------------
1294 657 1299 660 -
1306 654 1393 662 --------
1410 651 4681 663 --n-.--·‚.>.-......-·-‚-..un-oona-...nno-auu...un..n-...nu-n”noun-u·-0-a·-n›vo-nu-n·---···v··0···-.--·--0-··›nv-..nnn-u.›···—u.·=.---0-*vm-omnnen--·”0-auo-m-o--o--o-aunum-om--mwmmm

978 790 1216 835 zanam
1259 788 1389 855 per
1431 765 1781 834 dominum
1827 764 2193 833 Obiectum
2238 766 2327 832 de
2374 765 2628 845 Flisco‚
2675 777 2749 832 ut
2794 787 3003 853 supra
3049 777 3153 834 est
3196 779 3565 846 narratum,
3611 766 3853 834 missus
3897 777 4000 833 est
4032 766 4403 853 Neapolim
4432 766 4506 832 in
4532 787 4671 833 ma-

969 875 1168 942 nibus
1212 873 1396 962 regis
1439 872 1888 941 Ferdinandi.
1977 873 2069 939 Et
2112 873 2250 939 hoc
2295 871 2525 939 medio
2571 883 2934 939 tractatum
2977 872 3109 939 fuit
3152 892 3416 959 ponere
3461 873 3533 938 in
3578 873 3813 959 Carpo
3845 873 4395 961 consanguineos
4439 892 4591 940 suos
4629 895 4674 939 e

983 981 1287 1048 dominio
1331 979 1543 1066 Carpi
1589 991 1899 1066 tempore
1945 979 2141 1046 ducis
2184 978 2404 1070 Borsij
2457 977 2777 1046 Extensis
2808 978 2901 1046 ob
2959 991 3324 1047 tractatum
3386 992 3631 1046 contra
3691 1001 3845 1046 eum
3906 979 4293 1046 ordinatum
4340 980 4672 1065 expulsos.

974 1086 1206 1164 Quem
1252 1098 1613 1153 tractatum
1660 1086 1800 1152 dux
1843 1084 2182 1152 Hercules
2224 1096 2390 1152 tunc
2438 1085 2735 1152 existens
2763 1085 3184 1174 gubernator
3210 1086 3482 1154 Mutine
3527 1106 3659 1172 pro
3704 1087 3920 1152 fratre
3967 1106 4090 1153 suo
4123 1085 4405 1152 domino
4434 1085 4676 1152 Borsio

979 1192 1336 1281 patefecit,
1384 1214 1471 1258 ex
1516 1212 1654 1281 quo
1699 1190 1990 1280 gratiam
2033 1190 2266 1259 fratris
2311 1204 2680 1270 assecutus,
2712 1204 2956 1279 postea
2985 1192 3305 1259 ducatum
3339 1192 3651 1259 obtinuit.
3742 1193 3835 1260 Et
3865 1193 4029 1259 dum
4059 1192 4334 1259 illustris
4365 1192 4678 1259 dominus
4771 1191 4810 1258 5

969 1300 1323 1368 Robertus
1368 1300 1457 1365 de
1506 1298 1766 1365 Sancto
1814 1297 2150 1365 Severino
2196 1297 2311 1363 die
2355 1297 2565 1386 xxiiij.
2613 1298 3006 1366 novembris
3049 1299 3348 1366 mitteret
3393 1298 3746 1365 dominum
3793 1300 4170 1386 Gasparem
4217 1298 4431 1363 filium
4491 1320 4682 1365 suum

975 1426 1131 1473 cum
1175 1406 1312 1472 suis
1354 1403 1690 1495 gen'tibus
1719 1404 1791 1472 in
1821 1404 2178 1471 Parmensi
2225 1404 2567 1492 allogiatis
2598 1416 2668 1470 et
2699 1424 2854 1471 com
2898 1425 3038 1471 uno
3082 1405 3360 1472 homine
3407 1418 3670 1473 armato
3713 1425 3845 1492 pro
3892 1405 4161 1494 singula
4189 1406 4398 1471 domo
4431 1406 4681 1472 castel-

972 1514 1182 1582 lantie
1226 1511 1582 1599 Collurnij‚
1627 1524 1703 1578 ut
1745 1512 1925 1579 irent
1969 1511 2272 1598 Carpum
2315 1531 2445 1598 pro
2491 1511 2834 1598 ponendis
2879 1512 3085 1579 dictis
3128 1513 3427 1599 expulsis
3473 1513 3914 1580 attinentibus
3957 1513 4096 1580 suis
4140 1513 4213 1578 in
4258 1511 4563 1579 dominio
4607 1523 4682 1579 et

969 1621 1102 1688 illis
1146 1618 1436 1687 Bersillo
1483 1616 2195 1705 appropinquantibus
2256 1618 2348 1683 ad
2391 1618 2568 1683 ictus
2611 1618 2813 1684 trium
2858 1618 3389 1686 bombardarum
3449 1619 3666 1686 roche
3711 1619 4004 1698 Bersilli,
4068 1618 4383 1686 omnibus
4427 1618 4520 1683 de
4563 1640 4688 1684 sua

966 1725 1441 1817 jurisdictione
1503 1747 1695 1791 arma
1741 1721 2172 1811 capientibus
2216 1735 2289 1790 et
2332 1721 2606 1791 obviam
2651 1724 3084 1791 venientibus
3126 1726 3278 1806 illis,
3323 1725 3821 1813 prohibuerunt
3863 1725 4260 1792 ulteriorem
4306 1745 4684 1791 accessum.
4739 1726 4814 1790 10

1152 1833 1328 1901 Cum
1373 1851 1497 1898 rex
1542 1830 2020 1899 Ferdinandus
2062 1829 2276 1898 multa
2318 1842 2629 1916 parasset
2672 1851 2803 1917 pro
2851 1830 3235 1899 obsidendo
3282 1833 3638 1899 Idrontum
3684 1855 3727 1900 a
3769 1832 4071 1899 Turchis
4099 1832 4172 1898 in
4215 1830 4522 1918 Apullea
4564 1851 4683 1898 ca-

844 1991 849 1998 .
970 1949 1182 2027 ptam,
1227 1938 1549 2004 Turchus
1592 1937 1805 2005 missit
1847 1939 2094 2003 multas
2138 1937 2497 2003 victualias
2542 1949 2681 2004 tam
2728 1938 2972 2016 victus,
3036 1960 3240 2026 quam
3302 1939 3729 2006 defensionis
3793 1940 4157 2025 capitaneo
4218 1959 4345 2005 suo
4404 1939 4478 2003 in
4534 1939 4690 2025 ipsa

973 2046 1252 2113 civitate
1267 2069 1286 2123 ;
1336 2043 1427 2113 ob
1472 2044 1662 2132 quod
1704 2064 1830 2110 rex
1874 2044 2025 2131 ipse
2069 2043 2363 2110 maxime
2410 2045 2738 2133 fatigatur
2784 2046 3121 2132 expensis.
3213 2047 3305 2112 Et
3350 2047 3599 2113 dicitur
3643 2045 3905 2112 habere
3951 2046 4449 2134 quinquaginta
4491 2045 4679 2110 mille

971 2172 1308 2240 personas
1336 2152 1407 2217 in
1440 2151 1683 2217 ordine
1731 2151 2175 2237 compartitas
2201 2150 2273 2215 in
2307 2150 2717 2229 civitatibus,
2751 2153 2992 2218 castris
3025 2164 3092 2220 et
3119 2152 3437 2239 passibus
3465 2151 3763 2239 Apullee
3794 2151 4322 2238 proximioribus
4357 2152 4684 2228 Idront03

973 2271 1043 2326 et
1084 2278 1214 2345 pro
1258 2258 1367 2324 his
1398 2269 1483 2324 ‘et
1525 2269 1789 2325 armata
1833 2278 1977 2335 sua,
2024 2276 2160 2344 que
2204 2276 2556 2344 nonquam
2599 2259 2823 2346 potuit
2866 2258 3126 2326 habere
3187 2272 3432 2326 ventos
3490 2278 3886 2347 prosperos,
3952 2259 4353 2344 expendere
4413 2259 4685 2346 singulo
4740 2257 4806 2323 15

972 2385 1206 2434 mense
1252 2376 1528 2432 centum
1572 2364 1758 2430 mille
1792 2383 2037 2431 aureos
2070 2376 2141 2430 et
2167 2364 2489 2450 proinde,
2510 2387 2640 2451 per
2684 2366 2865 2431 viam
2908 2367 3093 2454 regis
3137 2367 3448 2454 Ungarie
3494 2366 3738 2454 generi
3781 2366 3886 2432 sui
3931 2365 4346 2432 confinantis
4396 2366 4688 2431 Turcho

974 2472 1220 2538 multas
1259 2472 1610 2558 pratichas
1653 2471 1906 2537 fecisse
1953 2483 2023 2537 et
2067 2471 2329 2549 facere,
2372 2482 2451 2536 ut
2497 2491 2654 2538 com
2701 2491 2785 2538 eo
2830 2472 3121 2540 Turcho
3156 2474 3385 2559 capiat
3430 2473 3820 2538 acordium:
3870 2484 3941 2538 et
3985 2472 4166 2538 hanc
4210 2473 4391 2538 inter
4423 2493 4544 2538 eos
4575 2494 4689 2537 re-

971 2565 1154 2645 stare
1183 2577 1513 2644 maiorem
1544 2576 2030 2657 difficultatem,
2063 2577 2393 2645 videlicet
2422 2579 2612 2666 quod
2643 2599 2809 2667 rege
2855 2578 3131 2647 volente
3176 2600 3306 2665 per
3348 2579 3706 2645 Tui-chum
3754 2579 4047 2647 Venetis
4077 2598 4397 2667 guerram
4441 2580 4690 2665 tempi,

973 2687 1109 2752 hoc
1154 2696 1428 2751 recusat
1458 2684 1549 2752 ob
1578 2703 1826 2771 pacem
1857 2695 1928 2750 et
1959 2684 2601 2752 confederationem
2648 2705 2805 2752 com
2853 2706 2940 2753 eo
2983 2686 3165 2752 intra
3206 2706 3282 2752 se
3327 2686 3584 2752 initam.
3674 2685 4088 2772 Dictumque
4119 2686 4254 2751 fuit
4282 2686 4421 2752 hoc
4451 2706 4693 2752 mense

973 2790 1365 2859 novembris
1408 2793 1493 2856 24
1525 2790 1882 2856 Turchum
1926 2790 2384 2876 personaliter
2426 2812 2584 2857 com
2632 2792 2948 2859 ducentis
2992 2792 3289 2860 millibus
3330 2791 3814 2879 preliatoribus
3857 2792 4271 2878 applicuisse
4319 2792 4693 2859 Vallonam
4737 2795 4813 2856 20

977 2920 1062 2964 ex
1106 2898 1428 2985 opposito
1471 2893 1729 2983 Apulle
1776 2896 2142 2964 distantem
2184 2898 2355 2963 mari
2388 2897 2749 2965 Adriatico
2779 2899 3155 2966 latitudinis
3201 2899 3560 2987 sexaginta
3602 2898 3989 2977 milliarum,
4035 2910 4115 2963 ut
4157 2899 4231 2962 in
4272 2896 4576 2984 Apullea
4626 2911 4694 2964 et

976 3001 1214 3072 Sicilia
1260 3003 1619 3071 discurrat.
1710 3003 1838 3069 His
1882 3015 2112 3070 tamen
2157 3025 2299 3070 non
2345 3003 2795 3085 obstantibus,
2842 3006 3067 3072 dictus
3109 3028 3233 3072 rex
3277 3005 3758 3074 Ferdinandus
3818 3004 4064 3071 nolluit
4111 3005 4528 3072 Florentinis
4573 3024 4694 3070 ca·-

974 3124 1115 3178 stra
1156 3111 1291 3177 illis
1336 3123 1587 3198 acapta
1629 3111 1963 3178 reddere.
2014 3111 2105 3178 ob
2151 3113 2340 3200 quod
2373 3112 2677 3180 creditur
2705 3113 3144 3179 Florentinos
3173 3113 3586 3201 dedignatos
3628 3112 4150 3201 intelligentiam
4196 3130 4353 3178 com
4399 3112 4694 3179 Venetis

978 3217 1264 3285 Tur-cho
1310 3218 1803 3285 adherentibus
1846 3217 2188 3285 habuisse.

1150 3324 1465 3412 Reperta
1505 3325 1639 3391 fuit
1681 3324 1818 3391 hec
1863 3337 2122 3406 soneta,
2170 3346 2303 3413 que
2347 3326 2421 3391 in
2467 3348 2542 3393 se
2589 3326 2943 3393 veritatem
2975 3327 3234 3394 habere
3268 3327 3452 3393 clare
3479 3338 3688 3414 patet.
3778 3325 3870 3393 Et
3897 3326 4173 3393 videtur
4202 3325 4470 3404 mirum,
4504 3326 4693 3413 quod
4733 3323 4804 3390 25

977 3431 1049 3496 in
1081 3441 1251 3497 totta
1296 3428 1520 3496 Itallia
1549 3430 1775 3497 nullus
1804 3431 2153 3517 princeps,
2186 3452 2318 3497 nec
2349 3431 2493 3498 ulla
2521 3433 2835 3518 potentia
2866 3454 2941 3499 se
2972 3445 3247 3500 moveat
3274 3454 3404 3519 pro
3433 3453 3766 3498 succursu
3797 3432 3964 3499 dicti
3993 3432 4198 3519 regis,
4228 3431 4421 3497 unde
4454 3451 4694 3497 omnes

974 3537 1385 3616 vociferant,
1430 3537 1564 3603 Dei
1609 3549 1779 3604 nutu
1826 3549 1897 3604 et
1939 3539 2391 3625 permissione
2436 3540 2570 3606 hec
2617 3540 2801 3619 fieri3
2848 3558 2982 3607 nec
3029 3540 3368 3628 reperitur
3429 3541 3546 3628 qui
3608 3561 3682 3606 se
3748 3539 4001 3620 doleat,
4059 3539 4175 3606 vel
4238 3540 4694 3626 compatiatur

979 3644 1166 3712 dicto
1209 3642 1379 3733 regi.
1470 3644 1627 3711 Hec
1672 3656 1831 3712 sunt
1874 3656 2155 3725 soneta‚-
2184 3645 2555 3715 videlicet:

1862 3841 2143 3931 Surgite
2189 3861 2445 3921 eamus,
2491 3844 2648 3908 dixe
2690 3843 2759 3909 el
2796 3844 2944 3910 bom
2988 3841 3183 3928 Jesu,

1949 3949 2142 4014 Ecce
2187 3949 2652 4037 apropinquat
2694 3950 2811 4015 chi
2850 3952 3237 4017 tradereme
3279 3950 3426 4035 dd,-
4724 3954 4796 4017 30

1952 4049 2227 4137 Surgite
2274 4062 2345 4117 et
2388 4070 2513 4116 vos
2556 4052 2853 4138 signori,
2895 4052 3219 4142 principi
3257 4061 3324 4118 et
3367 4074 3465 4140 re,

1813 4221 1819 4229 ,
1948 4149 2086 4217 Ch&
2127 4147 2328 4235 Juda
2374 4154 2409 4218 ὲ
2454 4154 2528 4218 in
2572 4153 2617 4219 l'
2620 4163 2787 4240 orto
2834 4176 2966 4219 non
3009 4156 3297 4222 dormiti
3332 4161 3452 4245 pu.

1820 4292 1823 4297 -
1864 4252 2028 4319 Non
2073 4254 2393 4341 potuistis
2436 4256 2751 4347 vigilare,
2797 4258 2925 4323 hor
2966 4280 3065 4342 su,

1953 4344 2277 4430 Pigliati
2315 4345 2558 4412 l'arme
2599 4347 2672 4411 in
2715 4368 2910 4412 mane
2953 4347 3074 4413 che
3105 4346 3157 4411 ’l
3194 4353 3420 4436 tempo
3463 4345 3533 4412 π’
3546 4347 3618 4433 3³,-

1957 4444 2020 4510 0
2061 4447 2261 4511 stulti
2297 4457 2364 4513 et
2408 4450 2618 4533 tardi,
2668 4470 2799 4514 non
2843 4450 3072 4515 vedeti
3110 4450 3230 4515 che
4723 4450 4790 4514 35

1949 4545 2039 4614 Se
2082 4570 2225 4613 non·
2257 4570 2341 4613 ve
2383 4552 2566 4615 uni'tt
2603 4552 2880 4616 insieme
2927 4552 3121 4618 tristi
3159 4552 3304 4619 vu?

1865 4650 2221 4717 Guardate
2263 4649 2449 4735 Jove
2493 4653 2613 4720 che
2657 4675 2701 4718 a
2744 4650 3041 4719 Saturno
3085 4676 3174 4719 va

1951 4754 2101 4820 Per
2124 4753 2352 4844 farve
2395 4756 2470 4820 in
2515 4757 2716 4821 breve
2760 4762 2986 4845 tempo
3029 4758 3283 4823 sentim
3324 4778 3404 4824 zo

1956 4854 2094 4922 Che
2139 4865 2325 4922 tante
2370 4858 2614 4944 lingue
2656 4858 2721 4922 v’
2738 4859 2828 4922 ὰη
2873 4860 3185 4946 predicto
3227 4881 3332 4928 za.

1867 4959 2142 5047 Surgite
2188 4959 2484 5025 adonche
2496 4985 2523 5044 ,·
2566 4960 2660 5025 ad
2704 4958 2917 5047 quid?
2964 4983 3078 5027 ma
3120 4962 3372 5050 perch&
3413 4962 3557 5030 no?
4733 4963 4800 5027 40

1956 5059 2094 5127 Che
2138 5083 2259 5126 con
2301 5063 2677 5150 prudentia
2723 5062 2962 5127 l’homo
3006 5065 3195 5129 savio
3224 5063 3327 5153 sa

1954 5163 2272 5230 Busadro
2316 5165 2377 5229 il
2413 5164 2558 5250 ciel,
2608 5186 2645 5229 e
2687 5163 2829 5231 Dio
2870 5166 3111 5253 pentir
3151 5167 3213 5231 si
3253 5173 3368 5256 po·

1164 5370 1522 5460 Vigesimo
1568 5372 1877 5440 secundo
1920 5371 2313 5439 novembris
2365 5374 2535 5439 1480
2584 5374 2771 5440 circa
2813 5374 3053 5441 horam
3113 5375 3516 5463 vigesimam
3579 5388 3893 5464 quartam
3956 5376 4273 5465 apparuit
4330 5377 4401 5443 in
4463 5378 4696 5443 medio

980 5479 1214 5565 platee
1258 5499 1509 5567 magne
1557 5479 1931 5544 communis
1974 5477 2222 5545 Parme
2267 5479 2443 5568 ignis
2490 5481 2582 5546 ad
2627 5482 2906 5547 modum
2950 5482 3149 5548 stelle
3197 5483 3527 5562 cadentis,
3575 5484 3691 5571 qui
3750 5484 3968 5550 finivit
4028 5505 4238 5570 super
4297 5496 4486 5551 tecto
4546 5483 4696 5571 pal-

982 5586 1138 5675 lacii
1185 5587 1564 5673 potestatis,
1612 5586 1871 5674 absque
1916 5585 2057 5651 ulla
2102 5586 2394 5665 lexione‚
2444 5587 2562 5675 qui
2607 5609 2650 5652 a
2693 5587 2921 5655 multis
2967 5600 3066 5655 est
3108 5589 3292 5655 visus
3335 5601 3406 5656 et
3448 5588 3676 5657 multis
3719 5590 4001 5677 prebuit
4042 5602 4398 5658 terrorem.
4732 5582 4795 5652 45

1160 5691 1385 5760 Multe
1435 5694 1637 5759 etiam
1684 5692 2204 5759 lamentationes
2249 5694 2437 5760 facte
2485 5706 2641 5760 sunt
2681 5694 2754 5759 in
2801 5695 2994 5774 rima,
3042 5715 3179 5783 que
3224 5695 3481 5785 ubique
3525 5719 3652 5784 per
3707 5696 3974 5783 plateas
4037 5709 4400 5765 cantantur
4460 5718 4694 5765 coram

984 5800 1244 5887 populo
1291 5811 1362 5865 et
1405 5801 1814 5867 venduntur.
1903 5799 2230 5866 Attamen
2278 5820 2517 5867 omnes
2559 5801 2880 5868 videntur
2925 5803 3245 5870 dormire.
3339 5804 3430 5870 Et
3472 5805 3655 5870 inter
3696 5803 3866 5870 alias
3910 5805 4064 5883 hec,
4111 5803 4471 5872 videlicet:

987 6058 1074 6115 37.
1112 6048 1426 6118 Guardate]
1463 6049 1764 6104 Guardato
1803 6050 1920 6103 cod.
