4895 7066
261 492 376 565 [Α.
415 497 577 553 1477
618 493 881 567 ottobre]
1437 486 1549 559 IN
1601 486 2125 560 PARTIBUS
2178 485 2813 561 LOMBARDIE
3889 488 3975 571 17

1139 639 2772 653 mmmmm-mmmm

449 749 718 817 Eodem
783 770 975 819 anno
1032 748 1198 823 1477
1247 751 1365 819 die
1408 751 1731 843 mercurii
1782 764 2036 823 octava
2082 751 2390 821 octobris
2436 753 2791 840 prefactus
2839 753 3161 821 dominus
3222 754 3529 844 Jacobus
3581 752 3993 822 Bonarellus

262 858 697 946 gubernator
740 856 999 924 Parme
1063 870 1134 926 et
1194 859 1311 945 qui
1375 858 1708 947 cupiebat
1750 856 2068 925 Parmam
2115 859 2452 945 improbis
2513 859 2905 927 hominibus
2963 880 3285 949 purgare,
3347 860 3586 928 habita
3644 860 3894 928 notitia
3952 884 3997 928 a

260 964 688 1032 Mediolano
735 984 825 1033 ex
869 965 1317 1032 confessione
1365 965 1667 1033 Galvani
1712 964 2035 1045 Cantelli,
2083 966 2274 1054 quod
2318 964 2582 1033 Addon
2628 967 2717 1033 de
2764 964 3044 1034 Alliotis
3086 969 3178 1035 de
3223 969 3528 1055 squadra
3571 966 3993 1059 Corrigiensi

264 1084 344 1137 et
386 1092 556 1137 suus
602 1083 944 1161 cognatus
989 1094 1130 1139 una
1173 1091 1330 1139 com
1378 1091 1486 1150 eo,
1533 1072 1812 1139 fuerant
1857 1091 2069 1138 causa
2111 1072 2404 1139 insultus
2449 1073 2838 1159 potestatis,
2872 1073 2961 1140 de
2994 1094 3134 1160 quo
3180 1095 3410 1160 supra,
3456 1092 3595 1141 uno
3641 1095 3844 1140 mane
3873 1095 3998 1162 ap—

172 1177 215 1246 5
262 1179 491 1265 pendi
537 1179 722 1246 fecit
766 1179 1035 1247 dictum
1079 1176 1452 1246 Addonem
1498 1180 1589 1246 ad
1638 1179 2095 1246 collonnellos
2140 1177 2402 1269 pallatij
2454 1180 2839 1247 communis
2885 1193 2956 1248 et
3002 1201 3159 1247 com
3193 1201 3279 1249 eo
3308 1180 3689 1270 Jullianum
3734 1181 3824 1248 de
3870 1181 3998 1248 Ni-

261 1286 480 1352 viano
529 1286 874 1352 corerium
919 1298 990 1353 et
1035 1283 1430 1353 satellitem'
1478 1285 1739 1353 domini
1783 1285 2123 1375 Johannis
2176 1284 2541 1353 Francisci
2587 1286 2908 1365 Cantelli‚
2956 1287 3077 1376 qui
3121 1286 3195 1355 in
3254 1304 3630 1354 sacomano
3689 1286 3992 1355 ecclesie

264 1407 342 1460 et
390 1391 674 1459 abbatie
720 1393 939 1460 sancti
983 1392 1322 1482 Johannis
1365 1391 1671 1461 habebat
1714 1414 1926 1459 unum
1955 1392 2215 1480 pallum
2248 1394 2520 1460 fereum
2553 1393 2623 1459 in
2655 1391 2994 1476 manibus,
3029 1413 3184 1460 com
3219 1414 3358 1481 quo
3391 1392 3741 1461 deiciebat
3770 1392 3998 1461 hostia

264 1499 644 1567 domorum
690 1498 1095 1567 Rubeorum
1142 1511 1212 1566 et
1257 1498 1421 1565 dum
1468 1500 1962 1586 requireretur,
2011 1519 2149 1586 quo
2194 1499 2361 1580 ibat,
2407 1500 2882 1587 respondebat
2937 1504 2967 1537 ‘⁶
2995 1500 3073 1566 Io
3119 1500 3303 1568 vado
3356 1501 3449 1567 ad
3495 1500 3780 1567 offerire
3826 1523 3993 1589 que-

274 1609 306 1641 *
332 1620 446 1672 sta
510 1618 708 1672 torza
770 1628 814 1672 a
870 1626 995 1671 san
1055 1605 1341 1671 Zoanne
1372 1630 1445 1689 ,ς
1493 1605 1842 1693 quendam
1891 1605 2223 1672 famulum
2284 1605 2508 1673 Matei
2554 1606 2646 1673 de
2690 1604 3031 1685 Lallacta,
3092 1606 3440 1694 quendam
3504 1606 3597 1675 de
3655 1594 3996 1674 Fabrorio

139 1714 220 1779 10
264 1712 734 1793 homicidam,
784 1724 855 1780 et
899 1712 1405 1779 Bernardinum
1454 1711 1809 1779 Sartorem
1857 1734 1944 1779 ex
1988 1712 2401 1799 sequacibus
2451 1713 2624 1779 dicti
2670 1712 2931 1779 domini
2993 1712 3332 1802 Johannis
3377 1712 3758 1781 Francisci.
3851 1710 3998 1791 Qui

258 1817 754 1887 Bernardinus
798 1818 1198 1886 multotiens
1242 1831 1686 1906 percusserat
1728 1820 2119 1910 genitorem
2167 1840 2385 1899 suum,
2435 1820 2694 1909 quique
2739 1819 2812 1885 in
2861 1819 3180 1886 omnibus
3210 1819 3632 1907 supradictis
3675 1838 3992 1887 sacoma-

262 1926 374 1993 nis
420 1937 496 1994 et
541 1925 1153 2014 profanationibus
1198 1925 1609 1994 interfuerat
1666 1938 1736 1993 et
1781 1924 2046 1993 infinita
2108 1925 2291 1993 mala
2343 1927 2639 2006 fecerat,
2704 1926 3246 2015 comederatque
3307 1926 3380 1992 in
3441 1928 3634 1995 dicta
3694 1927 3995 2014 quadra-

259 2034 540 2123 gesima
587 2034 765 2101 duos
806 2033 1044 2113 boves,
1091 2052 1266 2121 quos
1313 2032 1717 2119 abripuerat
1761 2033 1831 2098 in
1881 2052 2254 2101 sacomano
2298 2032 2579 2101 illorum
2624 2034 2716 2100 de
2777 2033 3231 2103 Calzavachis
3293 2046 3364 2105 et
3423 2046 3669 2121 captus
3727 2034 3865 2102 fuit
3921 2033 3997 2099 in

260 2161 409 2206 una
458 2140 758 2208 cloacha
801 2160 1027 2227 prope
1073 2140 1355 2207 domum
1401 2161 1593 2206 suam
1641 2140 2119 2206 circondatam
2164 2141 2499 2207 trecentis
2542 2140 3040 2227 provisionatis
3085 2159 3171 2208 eo
3216 2163 3445 2220 mane,
3491 2161 3632 2231 quo
3680 2141 3857 2209 dicti
3887 2138 3992 2208 sui

136 2246 215 2313 15
264 2249 589 2339 consocij
640 2248 928 2314 fuerunt
971 2246 1297 2334 appensi3
1349 2260 1418 2313 et
1465 2246 1717 2313 ductus
1760 2247 1856 2313 ad
1901 2248 2249 2314 fenestras
2296 2246 2471 2314 dicti
2513 2246 2778 2335 pallatij
2836 2247 3086 2315 nolluit
3147 2247 3470 2315 confiteri
3531 2262 3787 2335 pecata
3846 2269 3990 2327 sua,

260 2357 396 2421 sed
428 2356 601 2422 dum
632 2353 818 2421 velet
849 2354 1075 2440 proici
1105 2375 1148 2420 a
1175 2353 1501 2420 fenestris
1531 2354 1703 2420 dicti
1732 2353 1998 2442 pallatij
2036 2373 2195 2421 com
2226 2375 2365 2421 una
2395 2375 2604 2420 manu
2637 2355 2813 2420 male
2843 2354 3058 2445 ligata
3087 2373 3164 2421 se
3194 2354 3380 2441 cepit
3409 2355 3504 2422 ad
3532 2353 3852 2425 rodelum
3882 2356 3991 2423 fe-

262 2459 537 2528 nestre'
588 2472 658 2528 et
702 2460 933 2548 posuit
977 2483 1187 2526 unum
1251 2461 1506 2547 pedem
1576 2460 1648 2525 in
1717 2461 2060 2528 foramine
2126 2460 2306 2526 muri
2348 2474 2417 2527 et
2464 2459 2655 2527 nullo
2701 2471 2912 2550 pacto
2958 2459 3240 2529 volebat
3283 2460 3481 2539 mori,
3550 2462 3676 2529 sed
3719 2460 3997 2529 fortiter

264 2567 625 2635 clamabat
690 2571 721 2605 “
747 2566 812 2635 Ο
846 2567 1336 2646 commissario,
1384 2587 1427 2634 0
1474 2567 1968 2646 commissario,
2014 2567 2081 2632 io
2128 2566 2314 2634 volio
2360 2566 2501 2633 ben
2546 2567 2845 2633 rendere
2879 2567 2948 2633 la
2978 2567 3173 2648 roba,
3221 2567 3387 2656 qual
3416 2567 3487 2634 io
3517 2567 3612 2634 ho
3656 2568 3994 2651 hnuto„-

264 2674 599 2741 Tandem
645 2674 959 2742 deiectus
1004 2674 1139 2741 fuit
1184 2687 1256 2741 et
1301 2674 1657 2740 crudelem
1705 2693 1789 2739 ac
1834 2673 2371 2761 ignominiosam
2419 2685 2712 2741 mortem
2758 2672 3001 2740 finivit.
3092 2673 3227 2740 Hic
3262 2674 3445 2740 enim
3477 2686 3811 2762 tempore,
3856 2693 3997 2762 quo

134 2783 222 2847 20
265 2780 524 2848 Parma
567 2793 718 2849 erat
759 2782 833 2847 in
878 2776 1107 2848 armis'
1130 2781 1432 2848 necdum
1474 2793 1763 2848 venerat
1821 2780 2208 2849 antedictus
2275 2792 2477 2867 pater
2538 2780 2830 2871 justitie,
2902 2780 3248 2851 clamabat
3312 2791 3474 2868 post
3534 2779 3828 2849 Rubeos
3890 2781 3995 2849 di-

268 2889 505 2955 cendo
574 2891 605 2924 ⁴⁴
630 2889 720 2956 Li
766 2889 825 2954 si
870 2908 999 2954 son
1044 2888 1299 2956 andato
1348 2908 1390 2952 a
1433 2889 1774 2955 scondere
1820 2887 1939 2954 alli
1996 2888 2351 2955 camarelli
2379 2912 2455 2969 „3
2526 2907 2699 2977 quos
2769 2887 3157 2954 camarelos
3202 2888 3353 2975 ipse
3398 2908 3540 2954 non
3605 2889 3810 2979 fugit,
3870 2889 3997 2959 sed

264 2994 341 3059 in
390 2995 497 3060 eis
544 3006 789 3082 captus
836 2994 974 3060 fuit
1020 3006 1088 3061 et
1135 3016 1238 3074 ea,
1272 3015 1479 3082 quam
1526 2994 1794 3073 meruit,
1841 2994 2063 3060 finivit
2108 3006 2350 3060 morte.
2442 2993 2580 3058 Hic
2629 2993 2812 3059 enim
2858 2992 3140 3059 nimium
3200 2992 3600 3080 trepidabat
3644 2993 3997 3062 dominum

265 3099 812 3190 gubernatorem
858 3112 929 3168 et
976 3100 1364 3188 aufugerat,
1398 3101 1701 3188 dumque
1735 3099 2052 3167 Parmam
2077 3100 2359 3178 rediret,
2393 3100 2482 3168 ab
2514 3099 2836 3167 omnibus
2882 3099 3108 3187 ipsum
3152 3099 3549 3169 videntibus
3593 3100 3722 3167 sibi
3769 3102 3999 3169 notifi-

270 3206 589 3286 cabatur,
638 3206 826 3296 quod
872 3206 1432 3293 suspenderetur.
1524 3206 1740 3285 Quod
1786 3206 2064 3294 quidem
2112 3205 2213 3271 sic
2260 3218 2531 3295 gestum
2578 3207 2651 3271 in
2697 3205 3171 3293 appendendo
3218 3206 3445 3272 dictos
3476 3207 3807 3296 quinque,
3854 3230 3999 3275 ma-

136 3314 223 3379 25
272 3315 499 3381 iorem
543 3313 819 3380 induxit
866 3311 1183 3380 omnibus
1228 3325 1588 3394 terrorem,
1638 3333 1845 3400 quam
1891 3324 2135 3390 antea3
2185 3324 2255 3379 et
2302 3312 2377 3376 hi
2427 3312 2708 3399 capistri
2742 3312 2863 3400 qui
2908 3312 3036 3380 sub
3082 3311 3633 3399 proclamatione
3678 3312 4001 3400 predicta

266 3419 543 3486 reversi
587 3421 887 3499 fuerant,
938 3419 1189 3486 iterum
1236 3420 1677 3507 aufugerunt.
1771 3419 1861 3487 Et
1907 3419 2041 3486 hoc
2088 3419 2221 3485 fuit
2266 3418 2457 3485 aliud
2504 3418 2814 3485 divinum
2872 3418 3196 3507 juditium
3246 3430 3315 3486 et
3360 3418 3843 3488 miraculosum
3907 3421 4000 3489 ob

266 3527 568 3593 iniurias
611 3527 838 3602 illatas
888 3525 1210 3618 ecclesijs
1255 3527 1537 3607 sanctis,
1584 3526 1798 3594 sacris
1846 3539 1915 3594 et
1960 3525 2252 3594 Rubeis.

447 3633 725 3701 Eodem
770 3655 953 3700 anno
1001 3633 1114 3700 die
1158 3656 1271 3701 xv.
1318 3633 1627 3701 octobris
1675 3634 1764 3700 de
1824 3633 2155 3702 mandato
2219 3633 2524 3719 prefacti
2571 3631 3058 3722 gubernatoris
3114 3633 3380 3701 factum
3441 3634 3581 3701 fuit
3639 3635 3995 3722 publicum

268 3742 634 3828 proclama
676 3752 745 3808 et
790 3741 1124 3820 edditum,
1172 3741 1361 3828 quod
1406 3742 1821 3829 quicumque
1870 3763 1957 3807 ex
2002 3740 2503 3827 prenominatis
2547 3738 2849 3806 bannitis
2910 3738 3199 3806 alterum
3262 3741 3625 3809 occideret
3683 3761 3773 3810 ex
3831 3743 4002 3831 ipsis

143 3850 227 3914 30
268 3847 609 3927 bannitis,
657 3847 1041 3914 lucraretur
1082 3848 1377 3937 gratiam
1424 3847 1609 3937 exilij
1659 3847 1765 3913 sui
1801 3859 1871 3915 et
1903 3847 2422 3944 confiscationis
2453 3845 2792 3913 bonorum
2824 3866 3121 3913 suorum.
3198 3847 3290 3917 Et
3318 3847 3456 3914 hoc
3487 3859 3703 3916 totum
3733 3850 3998 3916 factum

269 3955 408 4023 fuit
456 3954 556 4021 ad
602 3954 738 4022 hoc
784 3955 976 4042 quod
1020 3954 1155 4042 ipsi
1202 3954 1472 4021 banniti
1519 3974 1663 4022 non
1709 3954 2146 4021 confiderent
2188 3974 2367 4020 unus
2411 3954 2502 4021 de
2548 3954 2708 4021 ali0.

454 4059 818 4140 Quoniam
863 4061 1093 4127 nullus
1139 4082 1226 4127 ex
1269 4060 1649 4128 absentatis
1691 4059 2170 4127 revertebatur
2216 4060 2307 4126 ad
2326 4133 2333 4140 ,
2355 4059 2731 4139 civitatem,
2767 4072 2836 4128 et
2878 4072 2955 4128 ut
3000 4061 3281 4129 domina
3314 4061 3591 4130 ducissa
3620 4063 4001 4131 demostra-

267 4180 378 4236 ret
425 4169 871 4235 clementiam
918 4190 1109 4236 suam
1157 4181 1228 4237 et
1273 4168 1796 4248 humanitatem,
1842 4168 2122 4254 scripsit
2169 4168 2259 4233 de
2307 4168 2500 4234 dicto
2546 4189 2784 4234 mense
2833 4167 3142 4235 octobris
3189 4179 3260 4235 et
3303 4182 3464 4257 post
3506 4170 3830 4257 predicta
3873 4171 3999 4238 do-

270 4276 464 4344 mino
512 4274 966 4364 gubernatori
1013 4277 1280 4355 Parme,
1329 4274 1653 4363 qualliter
1697 4274 1849 4361 ipsa
1893 4274 2100 4362 plene
2150 4287 2221 4341 et
2263 4273 2486 4340 libere
2535 4274 2929 4342 remittebat
2963 4274 3505 4364 quibuscomque
3537 4276 3835 4344 subditis
3863 4278 4004 4346 suis

150 4384 231 4449 35
275 4382 525 4452 omnia
569 4381 832 4448 delicta
878 4379 968 4447 ab
1013 4382 1180 4448 hinc
1224 4395 1410 4449 retro
1456 4403 1587 4468 per
1631 4401 1752 4447 eos
1786 4381 2436 4469 quomodocomque
2471 4380 2840 4447 commissa
2874 4393 2944 4448 et
2974 4393 3397 4469 perpetrata,
3431 4384 3744 4470 exceptis
3774 4384 3999 4451 homi-

276 4488 509 4579 cidiJs,
556 4486 800 4553 bannis
843 4488 934 4553 de
979 4488 1146 4568 vita,
1191 4485 1690 4555 rebellionibus
1722 4499 1793 4554 et
1822 4486 2349 4574 proditionibus,
2396 4486 2497 4554 ita
2542 4488 2731 4576 quod
2765 4487 2979 4555 libere
3015 4507 3253 4555 omnes
3281 4501 3565 4576 possent
3596 4490 4002 4576 repatriare,

272 4597 476 4678 salvo
522 4606 757 4661 tamen
802 4596 995 4682 quod
1063 4595 1248 4662 bona
1313 4595 1722 4662 Rubeorum
1793 4604 2237 4661 sacomanata
2302 4593 2843 4662 restituerentur.
2938 4595 3098 4674 Que
3143 4596 3377 4664 littere
3440 4597 3701 4665 tenoris
3760 4618 4001 4685 supra-

274 4701 522 4787 scripti
566 4702 753 4769 lecte
801 4714 871 4768 et
914 4700 1267 4788 publicate
1315 4702 1601 4768 fuerunt
1647 4700 1722 4767 in
1769 4721 1908 4767 una
1952 4700 2321 4768 credentia
2364 4720 2619 4790 magna
2666 4701 2920 4769 civium
2980 4701 3070 4768 de
3132 4701 3441 4790 qualibet
3485 4704 3793 4792 squadra
3835 4723 4006 4771 con-

274 4820 689 4875 vocatorum
733 4809 805 4873 in
849 4808 1196 4894 presentia
1238 4807 1745 4896 gubernatoris.

156 4918 237 4982 40
464 4911 645 4981 Cum
690 4914 921 4981 dictus
966 4914 1385 5005 gubernator
1430 4914 1700 4982 videret
1731 4915 2081 4982 civitatem
2111 4915 2275 4982 satis
2306 4914 2743 5006 tranquilam,
2792 4936 2880 4982 ex
2922 4916 3267 4984 sexcentis
3298 4916 3803 5004 provisionatis,
3834 4937 4010 5005 quos

275 5024 350 5087 in
419 5020 531 5088 sui
600 5042 955 5088 sucursum
1016 5020 1341 5100 habebat,
1401 5021 1699 5088 remissit
1760 5033 2146 5089 trecentum
2200 5020 2644 5102 Mediolani,'
2712 5023 3002 5090 retentis
3055 5044 3273 5110 penes
3316 5046 3389 5090 se
3451 5023 3607 5113 alijs
3667 5024 4001 5092 trecentis

277 5142 349 5197 et
391 5140 641 5216 postea
682 5129 757 5194 in
803 5128 999 5195 brevi
1046 5128 1348 5195 remissit
1394 5128 1564 5195 alios
1610 5129 1946 5196 ducentos
1993 5142 2063 5197 et
2109 5140 2387 5197 centum
2434 5140 2698 5195 tantum
2747 5129 3049 5209 retinuit,
3083 5150 3256 5217 quos
3286 5130 3406 5198 ad'
3451 5131 3840 5199 custodiam
3883 5152 4006 5198 sue

277 5256 586 5323 persone
633 5247 704 5303 et
747 5234 1008 5324 pallatij
1062 5235 1482 5302 rescidentie
1529 5257 1649 5302 sue
1696 5235 1981 5302 tenebat
2027 5249 2097 5302 et
2141 5236 2260 5324 qui
2311 5235 2601 5324 singulis
2633 5236 2851 5303 tribus
2897 5235 3144 5307 diebus
3174 5259 3249 5304 se
3295 5239 3672 5318 mutabant,
3721 5250 3791 5305 et
3836 5258 4006 5306 con-

278 5344 475 5411 tinue
520 5341 1026 5432 quinquaginta
1057 5341 1359 5409 habebat
1405 5341 1479 5407 in
1524 5341 1809 5409 introitu
1855 5342 2029 5410 dicti
2059 5341 2324 5435 pallatij
2361 5343 2539 5411 bene
2569 5356 2873 5411 armatos
2902 5344 3193 5412 diversis
3222 5343 3595 5434 generibus
3623 5366 3970 5414 armorum
3987 5370 4006 5424 3

159 5449 236 5516 45
285 5462 357 5516 et
402 5470 565 5515 cum
614 5448 757 5515 ibat
799 5469 927 5535 per
973 5448 1329 5516 civitatem
1375 5448 1518 5516 sive
1562 5449 1804 5535 pedes,
1851 5449 1997 5514 sive
2046 5469 2278 5538 eques,
2327 5469 2449 5517 eos
2490 5469 2709 5536 penes
2754 5471 2827 5516 se
2877 5450 3157 5517 volebat
3204 5464 3274 5520 et
3321 5463 3460 5518 tam
3509 5452 3598 5520 de
3632 5452 3768 5531 die,
3802 5473 4009 5540 quam

279 5557 371 5623 de
419 5566 632 5622 nocte
677 5574 1050 5640 personam
1095 5576 1287 5622 suam
1334 5554 1840 5634 custodiebant,
1889 5555 2003 5623 cui
2049 5555 2263 5624 multe
2307 5555 2496 5622 mine
2542 5555 2800 5622 fiebant
2842 5577 2969 5643 per
3014 5556 3361 5626 bannitos.

460 5661 647 5727 Dum
693 5671 923 5730 autem
968 5660 1303 5747 premissa
1343 5662 1657 5748 proxime
1705 5661 1894 5729 dicta
1938 5662 2205 5741 fierent,
2252 5661 2387 5729 hoc
2436 5662 2719 5730 interim
2766 5664 3085 5730 dominus
3146 5663 3427 5731 Branda
3473 5666 3564 5735 de
3624 5664 4007 5733 Castiliono

282 5769 579 5836 audater
641 5768 929 5855 sumpsit
991 5768 1066 5834 in
1127 5769 1410 5836 civitate
1471 5766 1721 5835 Parme
1783 5768 2319 5837 informationes
2381 5769 2469 5835 de
2515 5769 2916 5836 Rubeorum
2977 5790 3373 5850 sacomano,
3435 5772 3526 5839 de
3588 5771 4008 5839 novitatibus

280 5876 491 5944 trium
537 5875 995 5963 squadrarum
1041 5886 1111 5942 et
1155 5873 1246 5941 de
1290 5875 1691 5944 auctoribus
1734 5877 2090 5943 sacomani
2135 5876 2460 5962 predicti.
2556 5873 2830 5953 Quibus
2892 5877 3179 5963 sumptis
3224 5890 3296 5945 et
3343 5878 3596 5945 videns
3666 5878 4004 5945 neminem

170 5984 240 6052 50
280 5985 435 6052 vele
485 5982 857 6050 restituere
904 5993 975 6049 et
1020 5982 1210 6070 quod
1254 5982 1441 6050 bona
1486 5983 1827 6070 discipata
1874 5983 2171 6063 fuerant,
2218 5983 2419 6070 redijt
2463 5981 2967 6064 Mediolanum,
3016 5983 3298 6052 dimisso
3331 5984 3614 6053 domino
3660 5984 4008 6074 guberna-

598 6259 1291 6326 T.xxtl‚p.1n—2.

4141 1307 4300 1357 Μαι..
4327 1307 4407 1351 m

4145 2480 4325 2528 &1⁶0-

4155 5151 4311 5204 Mum,
4341 5151 4418 5192 208
