4895 7066
924 456 966 527 4
1161 428 1173 439 ’
2207 452 2688 526 cR0N1cA
2748 451 3329 526 GESTORUM
3494 464 3600 535 [A.
3632 468 3794 521 ιω
3823 464 4331 522 ‹nmmum-14⁷⁷
4360 464 4654 539 gem-101

1284 610 1444 619 nuno-m

1923 610 2617 618 mumma—mmm..-
2623 610 2990 618 -ffloonno--u-u--o-oou-
2995 610 4318 618 ---·Wfflmm—-›-fflv-n---o-mo-u--n—--oe-——n--n--mw

923 723 1055 789 fuit
1099 745 1226 811 per
1269 723 1520 811 pedem
1565 723 1659 789 ad
1702 721 1912 790 turim
1959 722 2267 790 Broveti.
2358 721 2554 788 Dicti
2596 741 2768 788 vero
2813 732 2955 788 tres
3001 722 3107 787 sui
3154 720 3456 810 consocij
3505 721 3695 809 capti
3743 722 4049 802 fuerunt,
4082 742 4170 789 ac
4202 722 4547 809 squartati
4581 734 4656 788 et

921 830 1013 897 ad
1058 841 1297 918 portas
1343 829 1643 897 civitatis
1690 830 1976 898 fuerunt
2022 848 2283 917 apensa
2330 849 2570 896 eorum
2618 828 2841 894 frusta
2888 840 2956 895 et
3001 828 3233 916 capita
3279 849 3489 915 super
3534 827 3726 895 dicta
3770 829 3927 896 turi.

1100 937 1315 1017 Quod
1363 937 1641 1025 quidem
1689 936 1791 1004 sic
1835 948 2105 1026 gestum
2149 936 2277 1003 toti
2340 933 2769 1002 Lombardie
2830 947 3167 1003 terrorem
3229 935 3484 1001 indixit
3543 948 3614 1003 et
3671 936 3790 1001 vix
3849 947 4127 1022 poterat
4189 936 4422 1014 credi3
4487 957 4656 1001 nam

920 1043 1250 1130 princeps
1296 1044 1469 1131 ipse,
1517 1043 1634 1130 qui
1679 1042 1969 1110 timebat
2014 1041 2160 1108 talli
2205 1055 2429 1110 morte
2475 1040 2704 1127 perire
2749 1052 2820 1108 et
2864 1064 2907 1108 a
2949 1041 3181 1108 multis
3232 1041 3597 1131 astrologis
3644 1054 3717 1108 et
3779 1042 4034 1108 sanctis
4078 1043 4245 1109 viris
4305 1044 4658 1129 prenosti-

921 1160 1148 1215 catum
1197 1150 1263 1217 ei
1310 1151 1557 1229 fuerat,
1605 1150 1941 1215 maximas
1985 1148 2115 1215 sibi
2160 1160 2660 1236 preparaverat
2705 1148 3056 1215 custodias
3102 1158 3554 1225 armatorum3
3603 1150 3729 1215 sed
3775 1149 3946 1214 nihil
3991 1149 4279 1235 profuit,
4327 1148 4502 1237 quin
4556 1151 4656 1216 ad
4745 1148 4777 1213 5

920 1255 1154 1324 tallem
1204 1256 1465 1324 exitum
1512 1257 1932 1343 perveniret.
2024 1257 2132 1322 Ex
2179 1277 2265 1322 eo
2308 1266 2792 1322 remanserunt
2836 1255 2956 1345 filij
2997 1255 3137 1323 duo
3185 1255 3493 1333 masculi,
3542 1254 3718 1322 alter
3763 1267 3833 1322 et
3893 1256 4397 1345 primogenitus
4444 1257 4657 1323 etatis

922 1385 1256 1430 annorum
1288 1375 1475 1444 octo,
1506 1376 1794 1431 vocatus
1823 1364 2180 1452 Johannes
2225 1363 2485 1431 Galeaz
2529 1361 2782 1440 Maria,
2827 1363 3005 1445 alter
3033 1384 3202 1430 vero
3236 1382 3567 1428 annorum
3615 1374 3904 1448 septem,
3937 1374 4227 1429 vocatus
4249 1363 4549 1431 Hermes
4580 1376 4659 1429 et

922 1471 1059 1538 due
1091 1471 1375 1539 femelle
1423 1495 1512 1539 ex
1542 1471 2000 1538 illustrissima
2033 1471 2315 1538 domina
2344 1470 2541 1538 Bona
2570 1470 2802 1536 Maria
2833 1470 3117 1538 ducissa
3149 1471 3239 1537 de
3271 1468 3581 1556 partibus
3615 1470 3963 1537 Sabaudie
3997 1482 4069 1537 et
4102 1483 4405 1561 cognata
4431 1469 4656 1561 regis'

606 1606 647 1640 c.
676 1606 705 1638 a
732 1607 760 1636 r
924 1578 1250 1657 Francie,
1281 1599 1418 1667 que
1450 1579 1700 1644 merito
1744 1577 1946 1644 Bona
1989 1577 2226 1645 vocari
2270 1577 2544 1644 meruit.
2621 1577 2865 1644 Dictus
2910 1598 3079 1643 vero
3111 1576 3613 1665 primogenitus
3646 1576 3934 1643 ellectus
3965 1576 4101 1643 fuit
4146 1577 4220 1642 in
4253 1578 4660 1664 principem

923 1695 995 1755 et
1038 1684 1255 1773 patris
1300 1705 1797 1754 successorem.
1888 1685 2148 1753 Mirum
2178 1684 2337 1764 fuit,
2370 1683 2564 1772 quod
2608 1684 2680 1750 in
2726 1696 2872 1751 toto
2928 1684 3237 1750 dominio
3268 1682 3505 1751 ducali
3570 1666 3778 1749 nulla*
3806 1682 4075 1763 civitas,
4123 1696 4448 1765 castrum,
4493 1685 4656 1752 sive
4713 1686 4786 1749 10

793 1846 804 1860 ‚
920 1784 1089 1853 villa
1134 1787 1391 1855 fecerit
1436 1787 1833 1856 novitatem.

1097 1894 1314 1959 Facte
1382 1906 1540 1960 sunt
1603 1893 1975 1962 inmediate
2037 1894 2109 1959 in
2173 1904 2318 1959 toto
2383 1892 2689 1959 dominio
2760 1891 3022 1960 ducalli
3083 1891 3367 1980 publice
3434 1891 4022 1978 proclamationes
4090 1904 4289 1978 parte
4365 1893 4657 1959 domine

924 1998 1199 2065 ducisse
1247 2010 1318 2065 et
1361 2000 1562 2087 parvi
1609 2000 1828 2080 ducis,
1877 2000 2174 2089 qualiter
2218 2000 2353 2087 ipsi
2398 1999 2751 2066 faciebant
2818 1999 3106 2067 liberam
3173 1998 3652 2066 remissionem
3700 2010 3771 2064 et
3814 1999 4111 2087 gratiam
4177 2000 4267 2066 de
4330 1998 4659 2066 omnibus

929 2104 1615 2174 condemnationibus
1687 2128 1958 2175 camere
2023 2105 2519 2195 spectantibus.
2610 2105 3057 2173 Levaverunt
3123 2125 3400 2195 quoque
3463 2104 4088 2194 inquintamentum
4151 2107 4460 2172 omnium
4521 2106 4660 2173 da-

926 2211 1196 2290 tiorum,
1244 2233 1326 2279 ac
1373 2215 1637 2280 datium
1705 2213 2030 2289 feraricie
2103 2226 2174 2281 et
2242 2233 2481 2280 omnes
2547 2213 2720 2280 fecit
2788 2224 3147 2299 exemptos
3191 2233 3234 2277 a
3282 2211 3489 2303 datijs
3553 2211 3759 2299 panis
3828 2224 3898 2278 et
3963 2212 4113 2278 vini
4157 2232 4285 2300 per
4348 2224 4660 2300 quatuor
4714 2212 4785 2277 15

929 2338 1221 2385 menses.
1316 2320 1409 2385 Et
1454 2319 1636 2387 libra
1680 2319 1867 2386 sallis
1911 2342 1954 2386 a
1996 2321 2117 2411 xij.
2165 2320 2469 2409 denarijs
2513 2320 2806 2387 reducta
2851 2331 2956 2386 est
3002 2321 3094 2386 ad
3137 2341 3204 2386 x.

1111 2424 1488 2493 Misserunt
1531 2446 1809 2515 quoque
1855 2446 2094 2494 omnes
2139 2427 2381 2515 populi
2429 2426 2787 2493 civitatum
2834 2426 3125 2492 ducatus
3170 2424 3561 2493 Mediolani
3607 2436 3915 2491 oratores
3962 2426 4055 2492 ad
4099 2426 4488 2514 prefactam
4517 2427 4660 2493 do-

932 2530 1190 2597 minam
1239 2532 1582 2599 ducissam
1627 2552 1756 2620 pro
1802 2553 1877 2601 se
1927 2532 2377 2601 condolendo
2424 2533 2512 2599 de
2559 2532 2753 2605 dicta
2797 2544 3018 2599 morte
3065 2544 3135 2598 et
3178 2533 3272 2599 ad
3313 2532 3682 2623 jurandum
3726 2531 3800 2596 in
3845 2531 4164 2599 manibus
4224 2533 4364 2599 suis
4422 2533 4657 2600 fideli-

925 2648 1154 2705 tatem.
1246 2637 1629 2706 Misserunt
1662 2640 1869 2706 etiam
1902 2659 2139 2706 omnes
2185 2639 2565 2727 principeS,
2613 2637 2950 2706 videlicet
2993 2659 3198 2726 papa,
3245 2661 3372 2704 rex
3417 2640 3477 2705 F
3479 2638 3908 2706 erdinandus
3953 2649 4023 2707 et
4066 2637 4185 2725 alij
4237 2639 4510 2718 Itallici,
4561 2660 4657 2705 ac

923 2744 1120 2810 multi
1165 2727 1657 2812 ultramontani
1704 2745 1795 2813 ad
1840 2747 2233 2834 prefactam
2282 2745 2637 2813 dominam
2685 2745 3031 2811 ducissam
3094 2746 3402 2811 ‘oratores
3451 2765 3691 2812 eorum
3737 2745 3829 2811 ad
3873 2765 3947 2811 se
3995 2745 4519 2814 condolendum
4581 2758 4659 2813 et
4707 2750 4788 2810 20

924 2846 1018 2912 ad
1062 2868 1135 2913 se
1182 2846 1659 2913 offerrendum
1704 2869 1832 2935 pro
1882 2847 2292 2915 defensione
2335 2859 2553 2915 status
2596 2847 3000 2915 Mediolani.

1099 2952 1208 3019 De
1271 2973 1508 3021 mense
1552 2953 1845 3044 januarii
1897 2954 2068 3021 dicti
2114 2954 2278 3019 anni
2332 2951 2496 3026 1477
2549 2966 2618 3022 et
2665 2954 2858 3021 circa
2900 2954 3108 3020 finem
3172 2954 3477 3022 eiusdem
3539 2954 3793 3020 mensis
3837 2966 3989 3021 orta
4048 2955 4183 3020 fuit
4242 2955 4658 3021 differentia

925 3058 1107 3123 inter
1151 3059 1401 3125 fratres
1444 3060 1791 3148 legitimos
1836 3059 2010 3127 dicti
2060 3061 2411 3148 quondam
2482 3059 2749 3127 domini
2819 3059 3018 3129 ducis
3064 3061 3341 3139 Galeaz,
3392 3061 3508 3149 qui
3557 3073 3753 3128 erant
3812 3082 4101 3128 numero
4164 3062 4491 3149 quinque,
4553 3063 4655 3127 si-

923 3162 1091 3230 licet
1138 3165 1459 3232 dominus
1508 3166 1783 3233 Sforcia
1828 3167 1971 3233 dux
2015 3167 2237 3247 Barri,
2284 3167 2610 3234 dominus
2654 3166 3075 3246 Ludovicus,
3124 3167 3447 3234 dominus
3490 3165 3835 3234 Ascanius
3879 3169 4465 3255 prothonotarius,
4517 3169 4656 3235 do-

928 3269 1155 3337 minus
1203 3271 1632 3340 Octavianus
1680 3286 1749 3340 et
1794 3274 2119 3341 dominus
2163 3273 2483 3361 Filippus
2527 3294 2683 3340 com
2732 3274 3017 3342 domina
3062 3274 3362 3353 ducissa,
3409 3273 3527 3362 qui
3572 3274 4134 3362 persuasionibus
4181 3275 4447 3344 domini
4494 3273 4656 3341 Ro-
4703 3277 4780 3339 25

925 3374 1106 3443 berti
1153 3379 1242 3445 de
1292 3378 1555 3447 Sancto
1604 3380 1947 3448 Severino
2011 3401 2248 3447 eorum
2311 3380 2815 3471 consanguinei
2878 3379 3256 3468 cupiebant
3317 3380 3722 3448 subvertere
3784 3392 4034 3448 statum
4095 3381 4510 3460 Mediolani,
4576 3394 4656 3447 et

927 3483 1153 3571 ipsum
1202 3484 1582 3555 dominium
1629 3486 1817 3553 intra
1860 3508 1934 3555 se
1981 3486 2249 3576 partiri.
2339 3485 2739 3555 Arcessitus
2782 3487 2914 3555 fuit
2973 3487 3122 3554 illic
3170 3487 3452 3555 illustris
3497 3488 3821 3556 dominus
3864 3488 4266 3555 Ludovicus
4312 3489 4401 3558 de
4450 3487 4656 3555 Gon-

859 3643 870 3656 .
920 3613 1094 3682 zaga
1138 3594 1456 3662 marchio
1502 3594 1815 3674 Mantue,
1863 3594 1983 3683 qui
2027 3615 2101 3661 se
2146 3594 2315 3662 huic
2365 3595 2767 3662 differentie
2815 3596 3246 3683 interposuit,
3320 3616 3403 3661 ac
3472 3615 3593 3662 eos
3638 3597 4118 3676 concordavit,
4163 3595 4354 3684 quod
4416 3595 4658 3684 quilli-

924 3697 1044 3766 bet
1089 3719 1333 3768 eorum
1377 3701 1671 3769 haberet
1716 3703 1807 3768 de
1851 3701 2247 3790 provisione
2299 3723 2529 3768 annua
2576 3700 2941 3769 duodecim
2989 3701 3181 3768 mille
3234 3722 3501 3769 aureos.
3594 3702 3952 3770 Volebant
4009 3702 4220 3769 etiam
4283 3704 4652 3791 deponere

500 3822 655 3873 Mun„
691 3824 774 3864 πο
924 3807 1367 3894 magnificum
1417 3807 1769 3876 dominum
1818 3809 2115 3877 Cichum
2164 3809 2618 3888 Simonetam,
2665 3808 2860 3876 cuius
2906 3809 3199 3875 consilio
3262 3809 3493 3877 omnia
3553 3809 4141 3899 gubernabantur,
4189 3807 4297 3875 ut'
4341 3809 4653 3877 habilius
4699 3812 4783 3875 30

621 3940 661 3972 c.
691 3938 718 3969 a
746 3941 778 3971 v
931 3912 1150 3999 ipsum
1196 3927 1446 3982 statum
1492 3929 1943 4006 occuparent.
2037 3916 2185 3983 Sed
2228 3915 2460 3983 locum
2507 3913 2767 3983 habere
2815 3934 2958 3981 non
3006 3915 3255 4001 potuit.
3347 3913 3680 3983 Attamen
3731 3914 4083 3982 continue'
4128 3915 4440 3982 insidiati
4486 3928 4657 3982 sunt

919 4018 1064 4085 vite
1134 4041 1276 4101 sue,
1343 4042 1476 4089 nec
1542 4044 1846 4109 unquam
1905 4022 2193 4088 domina
2249 4021 2524 4089 ducissa
2584 4022 2807 4089 voluit
2875 4023 3293 4103 consentire,
3340 4024 3530 4111 quod
3577 4024 4063 4109 deponeretur,
4126 4023 4452 4110 quoniam
4499 4022 4657 4088 sine

922 4146 1005 4191 eo
1052 4149 1165 4193 res
1208 4128 1389 4194 male
1437 4128 1944 4215 processissent
2006 4139 2075 4194 et
2135 4128 2369 4195 omnia
2430 4140 2704 4194 secreta
2764 4139 2836 4195 et
2892 4128 3200 4215 praticas
3248 4130 3692 4197 dominorum
3760 4140 3830 4196 et
3892 4129 4385 4195 comunitatum
4431 4129 4654 4196 totius

922 4231 1123 4299 Italie
1170 4247 1493 4313 noverat3
1545 4246 1614 4300 et
1657 4234 1903 4301 timens
1948 4234 2037 4301 de
2085 4234 2231 4301 vita
2279 4234 2445 4314 eius,
2509 4254 2881 4322 nomquam
2928 4236 3145 4301 voluit
3193 4236 3384 4302 exire
3448 4246 3751 4301 castrum
3795 4234 4216 4314 Mediolani3
4281 4247 4350 4302 et
4397 4247 4651 4302 extans

916 4339 991 4403 in
1038 4352 1266 4407 castro
1313 4340 1640 4407 continue
1688 4364 1730 4408 a
1774 4340 2267 4428 provisionatis
2320 4341 2873 4419 custodiebatur,
2937 4363 3024 4406 ne
3082 4341 3560 4408 offenderetur
3574 4368 3593 4421 3
3657 4341 4069 4429 reduxitque
4128 4342 4201 4406 in
4263 4361 4349 4407 eo
4414 4353 4650 4407 castro
4699 4339 4781 4407 35
4821 4367 4834 4377 ·

920 4446 1282 4512 consilium
1329 4459 1574 4525 status,
1637 4449 1826 4535 quod
1894 4462 2043 4516 erat
2106 4469 2233 4533 pro
2282 4447 2574 4514 dimidia
2617 4449 2835 4533 partis
2895 4447 3225 4537 gibelline
3275 4459 3343 4514 et
3404 4469 3532 4534 pro
3596 4450 3732 4514 alia
3794 4447 4088 4514 dimidia
4147 4448 4366 4536 partis
4415 4450 4647 4539 gelfe;

923 4572 1215 4638 quorum
1263 4555 1556 4620 consilio
1605 4566 1675 4621 et
1719 4554 2157 4621 ordinatione
2204 4553 2437 4619 omnia
2482 4566 2699 4621 status
2741 4553 3328 4644 gubernabantur.
3421 4555 3512 4622 Et
3559 4555 3721 4622 licet
3767 4555 4075 4642 prefacti
4133 4555 4384 4621 fratres
4445 4553 4654 4622 ducis

920 4658 1206 4725 Galleaz
1252 4661 1657 4727 viderentur
1702 4660 2153 4748 acquiescere
2185 4661 2372 4727 dicto
2408 4661 2810 4740 concordio,
2845 4672 3114 4727 atamen
3162 4681 3325 4750 egre
3372 4661 3693 4729 ferebant
3738 4674 3807 4727 et
3837 4661 4173 4749 quottidie
4204 4660 4652 4728 nictebantur

922 4763 1188 4851 aliquid
1233 4767 1457 4833 moliri
1482 4780 1747 4864 ‘contra
1792 4787 2047 4832 novum
2094 4779 2164 4832 et
2215 4789 2504 4855 parvum
2553 4768 2825 4845 ducem,
2872 4766 3195 4834 solicitati
3252 4778 3324 4833 et
3381 4767 3697 4857 instigati
3744 4788 3787 4832 a
3847 4768 4316 4854 suprascripto
4364 4768 4648 4834 domino

916 4869 1253 4938 Roberto.
1329 4873 1577 4939 Dictus
1608 4861 1774 4940 vero
1822 4872 2145 4940 dominus
2175 4873 2488 4940 marchio
2533 4873 2846 4952 Mantue,
2879 4874 3071 4940 facto
3120 4874 3311 4940 dicto
3345 4873 3748 4952 concordi0,
3778 4894 4101 4939 reversus
4131 4885 4232 4940 est
4262 4875 4647 4953 Mantuam,
4703 4879 4787 4941 40

917 4978 1089 5045 licet
1134 4978 1421 5046 domina
1466 4980 1743 5047 ducissa
1791 4992 2081 5068 cuperet
2126 4980 2317 5046 illum
2362 4980 2717 5047 rescidere
2762 4981 2837 5046 in
2881 4979 3288 5050 Mediolano
3323 4992 3393 5046 et
3440 4991 3687 5048 statum
3736 4981 4103 5048 consulere
4135 4993 4205 5047 et
4233 4979 4648 5071 gubernare.

1092 5087 1365 5152 Eodem
1435 5109 1617 5154 anno
1690 5086 1852 5158 1477
1920 5088 2008 5154 de
2072 5108 2305 5153 mense
2363 5085 2662 5178 januarij
2732 5087 2809 5153 in
2880 5086 3162 5154 civitate
3224 5086 3475 5155 Parme
3538 5087 3957 5174 inceperunt
4036 5088 4205 5153 oriri
4267 5087 4648 5155 divisiones

915 5190 1100 5256 inter
1156 5193 1536 5281 §quadram
1599 5192 1922 5260 Rubeam
1986 5215 2073 5259 ex
2134 5214 2274 5259 una
2333 5206 2404 5260 et
2468 5193 3007 5284 Corrigiensem,
3063 5195 3514 5262 Sanvitallem
3576 5204 3647 5259 et
3709 5193 4212 5259 Pallavicinam
4257 5193 4458 5259 simul
4503 5206 4646 5260 tres

916 5297 1142 5363 unitas
1187 5319 1276 5364 ex
1317 5299 1556 5366 altera.
1651 5298 1811 5376 Que
1882 5312 2025 5366 tres
2093 5301 2418 5387 squadre,
2469 5320 2681 5387 opera
2727 5300 2989 5368 domini
3035 5300 3372 5389 Jeronimi
3423 5302 3512 5368 de
3561 5299 3918 5388 Bernerijs
3981 5301 4072 5366 de
4134 5298 4439 5387 squadra
4483 5299 4646 5365 Pal-

920 5402 1243 5487 lavicina,
1303 5404 1580 5473 insimul
1625 5430 1697 5474 se
1744 5406 2141 5497 ligaverunt
2205 5419 2276 5474 et
2320 5407 2953 5474 confederaverunt
3014 5408 3106 5473 ad
3154 5405 3698 5474 destructionem
3748 5405 4177 5485 Rubeorum,
4237 5405 4646 5474 inimicitias
4699 5406 4784 5474 45

916 5510 1099 5577 intra
1148 5533 1222 5578 se
1271 5525 1409 5578 tam
1443 5512 1736 5594 civilleS,
1770 5535 1976 5602 quam
2013 5512 2409 5580 criminales
2441 5525 2512 5579 et
2541 5513 3055 5580 homicidiarias
3104 5512 3478 5579 existentes
3525 5524 3982 5601 amputantes,
4016 5512 4530 5580 concordantes
4575 5525 4646 5579 et

915 5632 1312 5688 resecantes
1345 5630 1414 5686 et
1446 5620 1691 5686 fortius
1722 5621 2040 5698 maxime,
2090 5619 2254 5708 quia
2296 5640 2434 5684 una
2482 5630 2685 5685 nocte
2733 5619 2992 5686 incisus
3039 5619 3269 5686 fuerat
3313 5641 3517 5685 nasus
3548 5620 3823 5687 cuidam
3856 5620 4234 5686 Francisco
4267 5618 4457 5686 dicto
4489 5619 4645 5686 Vil-

918 5725 1099 5804 lan0,
1134 5726 1397 5792 famulo
1435 5726 1771 5813 Johannis
1806 5727 1896 5792 de
1943 5725 2278 5804 Lallacta‚
2326 5725 2766 5814 inculpantes
2811 5725 3120 5802 Rubeos,
3167 5725 3464 5791 maxime
3526 5725 3882 5791 dominum
3929 5725 4306 5814 Ugolinum
4358 5727 4449 5793 de
4494 5727 4647 5792 Ru-

912 5831 1062 5898 beis
1103 5832 1318 5898 filium
1366 5833 1747 5897 naturalem
1794 5831 2147 5921 magnifici
2194 5832 2458 5897 domini
2506 5829 2911 5898 Petrimarie
2958 5830 3191 5898 Rubei
3252 5843 3323 5897 et
3369 5829 3695 5899 abbatem
3742 5833 3966 5899 sancti
4011 5832 4356 5920 Johannis
4401 5833 4642 5900 Evan-

913 5940 1157 6028 geliste
1205 5939 1292 6005 de
1338 5937 1614 6004 Parma.
4695 5942 4780 6006 50
