4895 7066
478 1056 659 1125 ’Μυκη
688 1056 769 1099 252

599 3090 757 3131 c.4v

468 4895 623 4944 Μυκ..
650 4894 730 4937 253

930 448 974 524 ὁ
2038 478 2039 481 ‘
2218 452 2694 530 CRONICA
2750 452 3344 531 GESTORUM
3405 476 3414 485 ·
3974 466 4082 540 [Α.
4122 470 4285 528 14⁷7
4325 484 4559 528 marzo
4599 464 4664 539 21

4130 609 4268 619 m·-

2521 605 3103 615 numm-memmmnnnffl

922 602 1096 615 muno·

923 717 1013 784 de
1059 716 1392 798 Soranea,
1441 719 1533 785 de
1578 719 1970 798 Turizellis,
2020 720 2107 786 de
2157 719 2396 800 Sissia,
2442 721 2533 787 de
2567 719 2951 800 Collurnio,
2984 720 3075 786 de
3105 720 3423 800 Bersi110,
3456 722 3545 789 de
3581 720 3907 808 Pupillio,
3942 704 4032 789 de
4064 723 4520 810 CasalipadO,
4560 723 4655 788 de

919 824 1373 903 Castronovo,
1421 826 1513 893 de
1561 825 2047 906 GuardasonO,
2093 826 2183 894 de
2230 826 2530 904 Bazan0‚
2578 826 2668 892 de
2717 826 3051 905 Scuran0,
3101 827 3191 893 de
3240 826 3482 894 Terris
3510 827 3864 905 Millitum‚
3898 829 3988 897 de
4019 828 4311 909 Tizano,
4347 831 4436 897 de
4475 827 4655 894 Bel-

924 930 1202 1009 vedere,
1250 932 1339 997 de
1384 930 1784 1020 Langirano
1829 943 1900 999 et
1943 930 2094 1020 alijs
2138 931 2370 998 multis
2415 930 2604 997 villis
2650 931 3162 1012 Parmensibus,
3207 931 3281 997 in
3326 952 3565 999 eorum
3613 933 3934 1001 domibus
3981 948 4052 1002 et
4098 956 4255 1001 com
4303 935 4652 1002 trecentis

924 1036 1267 1125 equitibus
1310 1038 1577 1105 domini
1621 1037 1920 1106 Roberti
1962 1037 2286 1126 predicti,
2334 1049 2533 1106 extra
2562 1048 2652 1134 ⁸et
2695 1037 2942 1126 prope'
2991 1038 3366 1118 civitatem,
3414 1040 3782 1106 misserunt
3826 1041 3900 1106 in
3946 1042 4228 1108 domum
4273 1042 4656 1128 predicto-

916 1164 1067 1210 rum
1112 1143 1747 1226 Arcimboldorum,
1792 1159 1869 1212 ut
1923 1157 2257 1232 caperent
2317 1145 2583 1213 dictum
2645 1144 3073 1212 Rollandum
3136 1146 3489 1225 Rubeum,
3552 1147 3806 1214 multos
3865 1148 4204 1235 capistros
4249 1171 4336 1213 ex
4397 1169 4659 1214 eorum
4749 1148 4782 1211 5

913 1251 1296 1319 satelitibus
1308 1277 1327 1331 3
1376 1265 1446 1319 et
1491 1251 1779 1319 deiectis
1822 1263 2088 1318 armata
2132 1275 2344 1319 manu
2388 1252 2632 1341 hostijs
2676 1264 2747 1319 et
2791 1253 3032 1339 portis,
3065 1252 3135 1318 in
3169 1273 3254 1318 ea
3298 1267 3636 1340 ceperunt
3682 1255 3859 1320 duos
3904 1255 4203 1322 famulos
4248 1255 4416 1322 dicti
4465 1255 4663 1320 Rol-

910 1357 1131 1438 landi,
1177 1358 1404 1425 silicet
1469 1358 1993 1426 Colombatium·
2021 1371 2092 1425 et
2139 1358 2618 1439 Stramacium,
2687 1379 2860 1447 quos
2920 1359 3010 1424 de
3058 1359 3248 1426 facto
3313 1371 3384 1426 et
3428 1359 3576 1426 sine
3637 1360 3780 1427 ullo
3842 1381 4171 1447 processu
4233 1361 4660 1428 auctoritate

916 1465 1201 1553 propria
1245 1447 1683 1553 a'penderunt
1726 1466 1818 1532 ad
1862 1465 2270 1532 collonellos
2314 1466 2581 1556 pallatij
2631 1465 3050 1532 communis:
3115 1466 3374 1533 deinde
3437 1468 3720 1534 domum
3783 1468 4003 1554 ipsam
4050 1469 4123 1532 in
4167 1480 4392 1535 totum
4436 1491 4482 1533 a
4533 1470 4658 1533 fu-

914 1592 1073 1639 rore
1119 1572 1364 1660 populi
1422 1584 2066 1651 sacomanaverunt,
2128 1570 2328 1638 bonis
2383 1570 2700 1638 omnibus
2746 1572 2819 1637 in
2874 1591 2958 1637 ea
3012 1571 3465 1639 existentibus
3525 1583 3666 1639 tam
3728 1572 4359 1654 Arcimboldorum,
4425 1594 4650 1660 quam

911 1678 1089 1746 dicti
1132 1678 1471 1746 Rollandi
1516 1678 1895 1765 spoliantes
1943 1690 2014 1746 et
2058 1677 2290 1744 omnia
2337 1666 2804 1766 exportantes.
4704 1682 4777 1745 10

1093 1786 1361 1853 Eadem
1410 1796 1635 1852 autem
1682 1786 1798 1853 die
1841 1784 2153 1853 secunda
2196 1784 2468 1874 marcij,
2515 1785 2708 1853 facto
2738 1787 3058 1872 prandio,
3090 1807 3249 1853 cum
3280 1797 3427 1853 tota
3459 1787 3652 1853 dicta
3684 1788 3930 1854 civitas
3959 1786 4206 1854 Parme
4254 1809 4385 1874 pro
4431 1799 4647 1875 parte

915 1878 1258 1960 dictarum
1303 1893 1760 1981 squadrarum
1804 1892 2007 1959 trium
2054 1904 2234 1959 esset
2276 1892 2350 1956 in
2396 1891 2608 1958 armis
2653 1904 2723 1959 et
2765 1891 3031 1980 repleta
3077 1894 3264 1961 foret
3308 1892 3637 1983 gentibus
3681 1895 4051 1962 antedictis
4106 1894 4651 1981 expectantibus

916 2018 1365 2065 sacomanare
1427 2019 1668 2066 omnes
1733 1997 2040 2078 Rubeos,
2094 2008 2299 2085 prout
2359 1998 2461 2064 eis
2519 1999 3017 2086 promisserant
3075 2000 3440 2087 caporales
3502 2002 3708 2066 trium
3769 2003 4245 2089 squadrarum‚
4307 2014 4380 2067 et
4442 2001 4647 2067 nullo

908 2104 1314 2172 Rubeorum
1359 2107 1663 2173 audente
1710 2108 1952 2174 domos
1996 2104 2213 2184 exire,
2258 2125 2391 2172 nec
2436 2103 2740 2172 habente
2784 2104 2855 2170 in
2906 2125 3144 2173 eorum
3190 2106 3523 2173 auxilium
3569 2107 3921 2173 forensem
3951 2108 4258 2194 aliquem
4291 2119 4365 2173 et
4395 2106 4647 2172 multis

911 2230 1000 2277 ex
1045 2210 1148 2278 eis
1187 2210 1326 2299 jam
1370 2212 1679 2279 reductis
1721 2215 1797 2279 in
1841 2211 2197 2302 fortilicijs
2242 2223 2626 2278 castrorum
2671 2212 2834 2278 novi
2894 2223 2965 2279 et
3023 2213 3279 2280 veteris
3326 2212 3647 2292 civitatis,
3696 2212 3888 2280 dicte
3951 2225 4092 2280 tres
4150 2213 4454 2302 squadre
4516 2233 4640 2278 or-
4699 2211 4768 2277 15

908 2318 1341 2400 dinaverunt,
1390 2321 1972 2397 consultaverunt,
2019 2339 2103 2385 ac
2151 2318 2716 2385 deliberaverunt
2758 2340 2833 2384 se
2880 2340 2956 2385 se
3002 2342 3088 2386 ex
3134 2319 3333 2386 bonis
3364 2318 3771 2387 Rubeorum
3803 2320 4240 2406 locupletari,
4286 2340 4642 2386 memores

918 2422 989 2489 id
1034 2425 1208 2492 alias
1251 2436 1570 2512 tempore
1616 2425 1892 2494 Giberti
1935 2424 2187 2493 veteris
2233 2425 2323 2492 de
2370 2423 2711 2513 Corrigia,
2758 2447 2842 2493 ac
2888 2426 3151 2493 domini
3196 2425 3478 2492 Ottonis
3520 2426 3768 2516 Tertij,
3815 2427 3934 2514 qui
3980 2426 4469 2493 fraudulenter
4502 2427 4639 2492 do-

905 2531 1193 2597 minium
1253 2531 1506 2599 Parme
1564 2544 1998 2620 usurparant,
2062 2533 2329 2600 factum
2373 2530 2591 2599 fuisse
2635 2553 2768 2618 per
2811 2532 2999 2619 ipsas
3042 2544 3182 2599 tres
3227 2531 3599 2620 squadras3
3647 2554 3732 2598 ac
3778 2534 3961 2599 intra
4007 2552 4084 2599 se
4129 2534 4346 2599 multa
4392 2535 4640 2618 capita

909 2636 1432 2719 ordinaverunt,
1479 2660 1655 2728 quos
1698 2649 1775 2705 ut
1820 2639 2140 2706 dominos
2183 2637 2632 2705 nominabant
2677 2650 2748 2704 et
2789 2638 3311 2722 reverebantur,
3358 2638 3434 2703 in
3480 2638 3767 2727 singulis
3824 2640 4040 2726 portis
4101 2659 4260 2705 com
4321 2639 4637 2704 maxima

911 2745 1116 2831 copia
1177 2757 1250 2812 et
1311 2746 1642 2814 comitiva
1701 2757 2160 2824 armatorum3
2227 2756 2297 2811 et
2354 2746 2476 2833 qui
2539 2756 2735 2813 erant
2795 2745 2888 2811 ad
2948 2766 3201 2832 equum
3265 2746 3532 2824 armati,
3594 2744 3928 2811 videlicet
3991 2746 4063 2810 in
4123 2757 4325 2831 porta
4384 2756 4636 2810 sancte
4683 2748 4766 2808 20

907 2848 1283 2933 Christine‚
1331 2853 1652 2919 comitem
1697 2852 2132 2919 Ludovicum
2180 2852 2269 2918 de
2317 2850 2638 2938 Valerijs,
2688 2852 3157 2919 Guielminum
3204 2853 3296 2919 de
3341 2851 3563 2931 Colla,
3625 2850 4002 2918 Antonium
4068 2853 4159 2918 de
4213 2851 4633 2940 Tayaferris

905 2956 1165 3024 dictum
1222 2962 1253 2996 ‘⁴
1280 2959 1348 3025 el
1391 2957 1609 3026 Zude'
1640 3009 1670 3043 ,
1721 2971 1857 3026 tam
1906 2981 1995 3026 ex
2038 2970 2349 3044 aspectu,
2382 2979 2591 3046 quam
2639 2979 2727 3023 ex
2770 2978 2868 3037 re,
2916 2958 3272 3024 dominum
3316 2958 3756 3024 Ludovicum
3805 2959 3893 3024 de
3939 2956 4243 3038 Antinis,
4275 2957 4626 3025 Lazarum

907 3075 978 3129 et
1022 3062 1614 3152 Petrumpaullum
1677 3066 1768 3132 de
1811 3065 2196 3132 Fulchinis.
2289 3067 2370 3132 In
2415 3063 2647 3152 porta'
2697 3066 2901 3132 Nova
2946 3065 3298 3131 dominum
3353 3065 4168 3153 Johannemfranciscum
4222 3064 4627 3132 Cantellum

904 3182 976 3237 et
1020 3170 1329 3238 Mateum
1377 3173 1467 3239 de
1511 3172 1849 3240 Lallacta.
1941 3173 2024 3238 In
2069 3183 2272 3259 porta
2331 3171 2424 3238 de
2485 3171 2737 3238 Parma
2797 3172 3186 3259 Johannem
3239 3172 3585 3260 Jacobum
3634 3173 3724 3238 de
3767 3169 4070 3251 Arzono,
4116 3170 4428 3238 Illarium
4482 3171 4628 3237 Be-

899 3277 1236 3365 garinum,
1307 3279 1689 3366 Gasparem
1769 3280 1860 3345 de
1920 3278 2132 3345 Plaza
2201 3278 2469 3344 dictum
2558 3282 2588 3313 “
2614 3278 2867 3345 Zafion
2894 3325 2956 3359 „‚
3019 3278 3400 3346 Sertorium
3462 3277 3891 3345 Billiardum.
3986 3278 4069 3343 In
4129 3290 4333 3364 porta
4390 3278 4628 3343 Bene·
4672 3276 4748 3341 25

904 3383 1095 3451 dicta
1140 3385 1492 3451 dominum
1533 3385 1961 3474 Jeronimum
1993 3383 2397 3451 Bernerium
2443 3385 2704 3452 dictum
2761 3388 2792 3422 ‘⁴
2818 3385 2882 3452 el
2930 3406 3128 3473 gram
3157 3384 3631 3451 Tamberlano
3658 3432 3721 3466 ,ῃ
3769 3384 4107 3471 Jacobum
4151 3385 4239 3450 de
4284 3384 4617 3462 Zabollis,

900 3488 1182 3558 Petrum
1243 3493 1332 3560 de
1392 3492 1613 3574 Bone,
1675 3491 2188 3561 Christoforum
2258 3492 2690 3560 Gotsaldum.
2784 3489 2930 3570 Qui
3001 3513 3241 3560 omnes
3309 3492 3662 3580 capitanei
3726 3504 4080 3581 equestres
4151 3511 4308 3559 com
4377 3511 4624 3558 eorum

898 3600 1313 3686 sequacibus
1358 3612 1428 3668 et
1473 3600 1756 3667 armatis
1800 3611 1941 3668 tam
1989 3602 2079 3667 de
2123 3601 2425 3679 civitate,
2474 3622 2679 3688 quam
2725 3602 2814 3668 de
2862 3601 3015 3690 alijs
3060 3601 3235 3667 locis
3280 3612 3352 3667 et
3410 3600 3721 3688 partibus
3779 3600 4277 3688 prenominatis
4336 3598 4428 3666 ad
4488 3623 4621 3664 nu-

896 3726 1161 3771 merum
1206 3727 1657 3793 personarum
1699 3727 1823 3773 sex
1867 3706 2081 3786 mille,
2129 3708 2244 3773 vel
2288 3707 2500 3788 circa,
2546 3719 2763 3774 totam
2811 3707 3156 3774 civitatem
3202 3709 3664 3786 discurerunt,
3711 3719 3948 3794 portas
3993 3707 4227 3794 platee
4274 3707 4621 3792 capiendo

899 3823 970 3878 et
1011 3814 1392 3880 muniendo
1439 3814 1746 3893 armatis;
1793 3833 1878 3880 ac
1940 3813 2151 3880 etiam
2214 3813 2447 3881 claves
2506 3826 2862 3900 portarum
2928 3814 3222 3882 civitatis
3281 3825 3619 3901 ceperunt
3680 3826 3753 3881 et
3812 3815 3998 3900 ipsas
4055 3824 4294 3901 portas
4354 3813 4616 3891 claudi,
4664 3815 4743 3877 30

893 3931 1142 4004 pontes
1187 3919 1402 3987 levari
1435 3932 1506 3988 et
1536 3919 1870 3988 custodiri
1902 3921 2226 3987 fecerunt
2254 3940 2493 3985 eorum
2527 3920 2826 4000 nomine,
2862 3922 3241 3988 clamantes
3282 3925 3312 3956 ‘⁶
3336 3921 3558 4000 Duca,
3592 3921 3794 3987 duca.
3829 3919 4172 3998 Rubert0‚
4203 3918 4523 3986 Ruberto
4557 3967 4618 4002 „.

895 4022 1343 4094 Postmodum
1387 4048 1797 4114 campanam
1846 4026 1938 4092 de
1995 4025 2252 4115 Tertijs
2312 4027 2638 4093 fecerunt
2699 4028 2932 4095 sonari
2992 4028 3083 4093 ad
3146 4027 3508 4094 strimitam
3575 4039 3644 4093 et
3706 4027 4118 4104 martellum,
4181 4027 4360 4093 adeo
4422 4027 4617 4113 quod

889 4141 1070 4198 totus
1112 4132 1409 4221 populus
1452 4153 1673 4221 usque
1717 4134 1811 4199 ad
1856 4152 2059 4199 senes
2105 4133 2507 4219 decrepitos
2554 4147 2624 4201 et
2668 4155 2919 4222 pueros
2965 4157 3158 4200 arma
3205 4145 3540 4220 ceperunt
3553 4159 3571 4210 3
3623 4145 3692 4199 et
3736 4134 3995 4200 dictam
4042 4152 4452 4219 campanam
4497 4133 4610 4199 fe-

892 4251 1139 4306 cerunt
1183 4241 1415 4307 sonari
1460 4240 1776 4307 dominus
1821 4240 2211 4327 Jeronimus
2254 4240 2627 4307 Bernerius
2671 4241 2973 4307 omnium
3022 4253 3232 4328 caput
3279 4253 3349 4307 et
3394 4240 3696 4328 Jacobus
3749 4240 4027 4329 Troyus
4087 4239 4294 4305 homo
4356 4239 4618 4305 scevis-

893 4344 1102 4412 simus
1146 4358 1218 4413 et
1262 4345 1568 4413 omnium
1613 4345 1972 4433 pessimus.
2062 4345 2385 4434 Dumque
2433 4346 2533 4412 sic
2581 4367 2921 4434 campana
2964 4348 3115 4434 ipsa
3145 4348 3474 4433 pulsaret,
3507 4368 3635 4433 per
3664 4345 3915 4412 multos
3943 4345 4232 4412 ruralles
4264 4347 4355 4412 de
4390 4344 4612 4411 tribus
4657 4344 4735 4410 35

890 4452 1209 4539 squadris
1258 4453 1433 4519 foris
1479 4453 1827 4519 civitatem
1891 4451 2262 4519 existentes
2306 4452 2492 4540 rupti
2539 4465 2697 4519 sunt
2740 4455 2915 4519 muri
2962 4454 3263 4521 civitatis
3310 4453 3383 4519 in
3429 4453 3709 4519 flumine
3754 4452 4005 4518 Parme
4065 4464 4134 4518 et
4190 4472 4320 4537 per
4385 4450 4608 4537 ipsam

887 4570 1240 4644 rupturam
1287 4569 1360 4625 et
1403 4579 1530 4645 per
1573 4560 1712 4625 alia
1746 4560 1903 4625 loca
1936 4558 2195 4625 circum
2229 4560 2418 4626 circa
2452 4580 2608 4626 com
2638 4559 2870 4626 scallis
2900 4562 3333 4627 intraverunt
3364 4560 3543 4627 intus
3575 4571 3644 4626 et
3676 4579 3913 4624 omnes
3947 4559 4137 4625 illico
4171 4557 4508 4624 ecclesias
4540 4570 4613 4624 et

887 4664 1130 4731 domos
1159 4666 1662 4751 infrascriptas,
1709 4665 2001 4733 deiectis
2046 4678 2119 4731 et
2162 4665 2406 4732 fractis
2453 4665 2645 4754 ostijs
2692 4678 2762 4732 et
2806 4668 3022 4753 portis
3066 4667 3670 4753 infrascriptorum
3714 4664 4121 4732 Rubeorum
4153 4663 4611 4742 intraverunt,

887 4770 1310 4838 robaverunt
1354 4783 1424 4838 et
1468 4773 1805 4839 violenter
1850 4783 2491 4852 sacomanaverunt,
2541 4772 2820 4839 nemine
2865 4773 3250 4852 resistente,
3297 4773 3615 4839 omnibus
3660 4771 3861 4838 bonis
3891 4772 3962 4837 in
4010 4771 4113 4837 eis
4160 4769 4612 4837 existentibus

885 4899 1004 4943 eas
1049 4878 1436 4966 spoliand0,
1482 4899 1570 4944 ac
1613 4879 1686 4943 in
1731 4877 2105 4967 aliquibus'
2151 4899 2385 4946 earum
2432 4879 2666 4967 ignem
2711 4881 3043 4967 ponendo
3090 4892 3162 4946 et
3205 4880 3471 4967 aliquas
3517 4879 3962 4945 demoliendo
4011 4891 4080 4945 et
4132 4878 4204 4942 in
4268 4877 4366 4944 eis
4426 4877 4607 4942 nihil
4657 4879 4735 4942 40

882 4997 1121 5072 preter
1163 5006 1396 5051 muros
1442 4995 1513 5052 et
1557 4997 1743 5052 tecta
1786 4985 2187 5073 linquendo,
2280 4987 2371 5051 Et
2415 4985 2641 5072 primo
2687 4987 2760 5052 in
2807 4986 3060 5073 Capite
3108 4985 3353 5053 Pontis
3400 4986 3533 5052 fuit
3579 4985 3846 5051 novitas
3892 4997 3961 5050 et
4007 4983 4431 5070 principium
4476 5004 4612 5071 per

880 5091 1039 5157 illos
1085 5092 1176 5158 de
1223 5092 1505 5180 regione
1553 5092 1696 5172 illa,
1745 5092 1861 5180 qui
1910 5112 1983 5160 se
2029 5093 2377 5159 vocabant
2433 5096 2463 5129 “
2493 5092 2541 5156 li
2587 5092 2896 5159 Sevizari
2923 5140 2953 5173 ‚,
3011 5104 3082 5158 et
3128 5092 3404 5158 domum
3453 5103 3523 5158 et
3569 5091 3938 5158 ecclesiam
3993 5089 4277 5157 domine
4341 5089 4606 5156 Sancte

879 5197 1106 5263 Marie
1152 5198 1240 5265 de
1287 5198 1586 5285 Templo
1628 5199 2069 5285 preceptorie
2116 5199 2339 5265 sancti
2387 5199 2724 5286 Johannis
2769 5197 3328 5286 Jerosolimitani,
3394 5219 3598 5286 quam
3660 5196 3941 5264 tenebat
4002 5196 4320 5262 dominus
4381 5197 4607 5264 frater

879 5304 1268 5372 Rollandus
1337 5305 1647 5386 Rubeus,
1718 5307 1937 5371 frater
2004 5306 2351 5395 magnifici
2411 5305 2671 5371 domini
2718 5305 3151 5372 Petrimarie.
3243 5305 3540 5370 Domum
3583 5303 3910 5392 Jacobini
3967 5305 4055 5371 de
4121 5304 4367 5392 SgayS.
4461 5305 4607 5370 Do-

881 5432 1066 5477 mum
1114 5411 1526 5479 Petrimarie
1574 5412 1973 5490 Trombini;
2023 5413 2302 5478 domum
2349 5413 2573 5478 Tome
2623 5412 2712 5477 de
2762 5411 3102 5479 Guinacia
3149 5422 3218 5478 et
3265 5410 3545 5477 domum
3588 5411 3927 5499 Johannis
3970 5409 4283 5502 Antonij'
4334 5409 4424 5477 de
4473 5411 4604 5477 So·
4651 5410 4726 5475 45

880 5518 1028 5610 cijs.
1119 5518 1312 5586 Citra
1364 5531 1653 5605 pontem
1715 5518 2062 5585 abbatiam
2121 5532 2192 5585 et
2251 5517 2620 5585 ecclesiam
2684 5520 2908 5584 sancti
2960 5518 3294 5605 Johannis
3354 5518 3823 5605 Evangeliste,
3872 5518 3942 5582 in
3997 5539 4137 5605 qua
4197 5516 4595 5585 rescidebat

874 5627 1018 5715 jam
1064 5625 1291 5692 dictus
1339 5624 1654 5692 dominus
1698 5624 2043 5714 Ugolinus
2088 5625 2178 5691 de
2223 5624 2498 5691 Rubeis
2544 5624 2778 5703 abbaS,
2826 5625 2901 5689 in
2948 5645 3086 5711 qua
3132 5635 3204 5690 et
3250 5624 3320 5688 in
3366 5624 3504 5689 turi
3550 5626 3784 5714 ignem
3838 5638 4217 5711 posuerunt
4248 5636 4316 5690 et
4361 5644 4601 5690 omnes

885 5733 1099 5800 cellas
1141 5752 1591 5799 monacorum
1637 5743 2170 5811 evacuaverunt,
2219 5730 2565 5819 aliquibus
2600 5739 2698 5797 ‘ex
2742 5732 2910 5817 ipsis
2955 5731 3268 5797 monacis
3330 5731 3786 5798 calciamenta
3847 5744 3917 5798 et
3977 5743 4209 5796 vestes
4254 5731 4343 5797 de
4391 5731 4598 5796 dorso

872 5839 1212 5906 violenter
1257 5849 1608 5917 exuentes,
1642 5859 1842 5905 sacra
1873 5838 2191 5916 missalia,
2240 5838 2524 5904 callices
2555 5850 2621 5904 et
2653 5838 2886 5904 omnia
2916 5837 3150 5904 divina
3195 5851 3600 5905 ornamenta
3644 5848 4101 5925 exportantes,
4137 5835 4596 5903 Eucaristiam

869 5945 1147 6026 Christi,
1193 5959 1263 6013 et
1310 5965 1463 6013 ossa
1492 5956 1886 6012 sanctorum
1914 5944 2213 6031 pedibus
2244 5945 2759 6011 conculcantes.
2852 5945 3010 6033 Ipse
3045 5957 3276 6013 autem
3322 5946 3641 6012 dominus
3687 5945 3902 6013 abbas
3949 5967 4107 6012 cum
4154 5943 4495 6032 aliquibus
4526 5954 4596 6010 et
4642 5941 4721 6008 50
