4895 7066
548 1766 589 1798 C.
617 1761 708 1805 105
730 1767 763 1797 U

543 3789 584 3819 c.
615 3779 702 3820 too
732 3788 759 3819 r

540 3993 699 4065 Mun„
729 3990 811 4037 ³72

552 5711 593 5746 c.
626 5698 769 5742 mov

919 501 1062 579 100
2192 470 2671 582 cRoNch
2726 508 3307 582 GESTORUM
3447 469 3456 480 ’
3974 519 4082 591 [A.
4125 522 4283 577 1481
4334 519 4620 591 maggioJ

903 652 1142 664 Μυκη-αα...-
1146 655 1328 664 nnum-..nono-
1332 656 1339 664 ι
1344 655 1362 664 ιι
1366 655 1385 664 οι
1389 655 1431 664 ,σοι
1436 655 1467 664 οι.
1471 654 1490 664 κ
1494 655 1501 663 n
1505 655 1618 665 *um-on
1622 655 1920 666 “monumento-uon·-
1924 656 1943 664 ιο
1947 655 2406 666 §amnon-omnum

2666 656 2894 666 anm-m..
2898 656 3187 667 ..nm-mnu·-

3398 657 3791 668 umo--u—uu—unooomn-

900 765 1227 836 rebuffati
1258 767 1347 835 ab
1375 767 1771 857 regentibus
1802 779 2046 836 statum
2092 781 2248 837 sunt
2293 781 2365 837 et
2409 769 2598 836 nulla
2645 781 2885 837 contra
2934 789 3056 837 eos
3102 781 3206 837 est
3234 781 3477 858 sequta
3519 770 3710 850 ultio,
3744 771 3844 837 sic
3875 771 4036 838 fatis
4068 771 4614 858 disponentibus.

1079 874 1205 959 His
1252 873 1495 942 diebus
1542 895 1696 942 cum
1743 876 2060 943 dominus
2104 876 2458 965 Johannes
2501 876 2912 944 Franciscus
2956 876 3438 957 Pallavicinus,
3494 877 3744 944 habitis
3789 878 3969 944 villis
4013 879 4314 945 Varrani
4358 878 4618 945 Melle-

902 981 1245 1070 gariorum
1292 1003 1334 1047 a
1379 982 1633 1049 ducalli
1679 1002 1973 1062 camera,
2020 983 2303 1050 ulterius
2365 995 2653 1070 cuperet
2712 995 3008 1050 castrum
3061 984 3340 1050 Vianini
3402 983 3805 1052 Placentine
3856 985 4175 1062 diocesis,
4222 984 4618 1051 hominibus

915 1088 1053 1154 loci
1096 1087 1277 1155 illius
1308 1089 1527 1176 ipsum
1558 1088 2048 1169 recusantibus,
2099 1101 2396 1156 castrum
2442 1090 2664 1176 ipsum
2694 1111 2737 1157 a
2772 1091 3027 1157 ducalli
3058 1102 3236 1158 statu
3267 1092 3501 1158 datum
3534 1102 3638 1158 est
3667 1090 3948 1157 domino
3992 1090 4422 1158 Pallavicino
4454 1091 4621 1157 Pal-

909 1193 1353 1262 lavicinorum
1398 1195 1911 1263 illustrissimum
1961 1196 2309 1263 dominum
2355 1197 2606 1263 ducem
2651 1218 2939 1284 parvum
2983 1196 3414 1285 gubernanti.
4715 1195 4761 1262 5

1087 1303 1256 1369 Erat
1300 1315 1619 1391 preterea
1667 1304 1928 1371 animus
1971 1304 2226 1370 nedum
2270 1304 2571 1390 prefacti
2619 1304 2878 1371 domini
2922 1304 3348 1384 Pallavicini‚
3394 1328 3634 1372 verum
3696 1317 3767 1372 et
3827 1304 4103 1374 illustris
4156 1306 4418 1373 domini
4463 1305 4621 1371 Ro-

902 1407 1083 1475 berti
1126 1409 1215 1476 de
1264 1409 1523 1477 Sancto
1556 1410 1890 1478 Severino
1924 1423 2218 1478 castrum
2249 1411 2787 1478 Turricellarum
2816 1412 3014 1498 rippe
3047 1411 3226 1479 Padi
3253 1412 3643 1480 Parmensis
3677 1435 3908 1480 emere
3940 1413 4028 1480 ab
4058 1414 4300 1481 illustri
4330 1413 4620 1480 domino

905 1518 1311 1586 Constantio
1359 1518 1636 1585 Sforcia
1679 1516 1943 1586 Pisauri
1990 1518 2304 1596 domin03
2338 1519 2464 1586 sed
2493 1520 2896 1607 magnificus
2928 1519 3242 1587 dominus
3269 1520 3736 1588 Petrusmaria
3761 1522 3905 1588 hoc
3951 1521 4271 1600 sentiens,
4319 1532 4624 1587 castrum

903 1626 1124 1713 ipsum
1157 1627 1516 1714 acquisivit
1546 1640 1617 1693 et
1645 1640 1720 1694 ut
1748 1628 1969 1694 fertur
1998 1646 2128 1714 pro
2161 1627 2428 1694 ducatis
2460 1628 2707 1694 decem
2737 1627 2922 1693 mille
2956 1629 3121 1694 auri.
3168 1629 3276 1695 De
3302 1648 3439 1717 quo
3462 1629 3655 1695 multi
3681 1630 3911 1697 emulli
3941 1631 4146 1697 valde
4173 1629 4416 1696 tristati
4438 1640 4619 1695 sunt.

1088 1729 1431 1819 Apparuit
1472 1733 1716 1799 mirum
1759 1732 1832 1798 in
1880 1733 2153 1801 civitate
2214 1733 2464 1800 Parme
2520 1745 2767 1800 octavo
2812 1755 2974 1824 may
3026 1735 3213 1802 1481.
3306 1735 3488 1802 Nam
3536 1736 3699 1802 dum
3756 1736 4158 1803 Desiderius
4204 1736 4292 1802 de
4342 1733 4624 1802 Grossis
4681 1734 4767 1800 10

907 1815 1317 1918 ParmensiS,
1366 1861 1579 1907 senex
1624 1860 1956 1907 annorum
1999 1840 2362 1928 plusquam
2393 1841 2845 1929 septuaginta,
2895 1841 3062 1907 alias
3109 1841 3417 1966 armiger
3451 1853 3522 1909 et
3566 1843 3928 1910 continuus
3974 1843 4300 1910 datiarius
4345 1854 4416 1909 et
4444 1864 4622 1907 uxu-

909 1948 1147 2028 rarius,
1193 1946 1398 2036 gucia
1441 1967 1828 2034 percussus,
1875 1946 2056 2014 vires
2102 1960 2173 2013 et
2218 1947 2519 2035 linguam
2563 1947 2998 2035 perdidisset,
3046 1968 3132 2014 ac
3180 1948 3322 2015 ulla
3365 1949 3510 2016 sine
3559 1950 3998 2017 confessione
4061 1948 4150 2015 ab
4194 1950 4333 2015 hoc
4379 1948 4622 2015 seculo

903 2055 1263 2144 migrasset
1293 2054 1406 2121 die
1438 2054 1900 2140 suprascripta
1945 2066 2015 2121 et
2061 2054 2176 2142 qui
2226 2052 2587 2120 dicebatur
2617 2055 2812 2122 annis
2839 2054 2931 2121 xl.
2965 2055 3227 2122 stetisse
3259 2055 3402 2122 ulla
3429 2056 3575 2123 sine
3612 2056 4049 2123 confessione
4082 2067 4150 2124 et
4182 2057 4620 2133 comunione,

902 2161 1064 2228 dum
1110 2160 1493 2248 pulsaretur
1526 2179 1862 2247 campana
1892 2159 2187 2227 ecclesie
2232 2160 2508 2228 maioris
2550 2172 2947 2247 nuncupata
3001 2165 3031 2198 “
3060 2161 3127 2228 el
3171 2162 3460 2251 Bayono
3486 2211 3515 2244 ,‚
3573 2163 3709 2228 hec
3754 2162 4033 2250 quidem
4081 2183 4420 2249 campana
4466 2162 4625 2249 pul-

904 2267 1123 2335 sando
1167 2266 1393 2333 fracta
1439 2278 1563 2346 est,
1612 2267 1795 2333 omni
1855 2266 2116 2353 populo
2180 2267 2523 2334 audiente.
2613 2267 2931 2354 Dumque
2995 2288 3333 2354 campana
3394 2267 3793 2355 baptisterii,
3842 2268 3934 2334 de
3982 2269 4174 2335 cuius
4219 2281 4370 2335 erat
4412 2288 4623 2355 paro—
4683 2265 4760 2331 15

909 2373 1086 2452 chia,
1132 2373 1437 2460 pulsaret
1478 2392 1608 2460 pro
1657 2373 1963 2461 exequiis
2008 2373 2166 2452 suis,
2216 2373 2453 2452 corda,
2500 2386 2578 2439 ut
2618 2372 2898 2460 publice
2944 2374 3017 2440 in
3060 2374 3320 2461 populo
3366 2374 3625 2440 famma
3669 2387 3837 2452 erat,
3885 2374 3991 2442 bis
4036 2398 4079 2442 a
4125 2397 4199 2442 se
4244 2388 4452 2462 rupta
4496 2387 4622 2441 est.

901 2479 1017 2547 Ob
1064 2481 1253 2568 quod
1298 2480 1428 2547 fuit
1471 2479 1751 2567 publica
1794 2500 1951 2559 voX,
1999 2480 2188 2568 quod
2234 2479 2324 2547 ob
2372 2480 2518 2547 eius
2563 2480 3103 2548 ecclesiasticam
3149 2481 3564 2568 sepulturam
3609 2482 3745 2547 hec
3776 2481 3917 2549 duo
3946 2483 4267 2570 presagia
4312 2482 4620 2548 interve-

901 2599 1165 2665 nerant,
1215 2607 1368 2653 cum
1414 2606 1556 2653 non
1600 2598 1978 2654 mereretur
2024 2587 2493 2654 ecclesiastice
2526 2587 2829 2674 sepelliri
2874 2599 2944 2655 et
2988 2587 3080 2654 ob
3127 2588 3198 2654 id
3243 2589 3469 2655 nullus
3511 2588 3875 2678 presbyter
3921 2589 4106 2655 dicte
4154 2588 4452 2656 ecclesie
4498 2608 4622 2654 vo-

904 2692 1026 2761 luit
1068 2693 1398 2761 interesse
1447 2706 1518 2761 et
1561 2706 1821 2762 tantum
1865 2695 2071 2782 pauci
2119 2694 2353 2762 clerici
2386 2706 2457 2761 et
2487 2696 2621 2761 due
2655 2695 2945 2761 fratrum
2973 2695 3213 2783 regule
3248 2713 3498 2782 corpus
3530 2696 3675 2762 eius
3706 2695 4053 2782 sepulture
4085 2697 4621 2763 associaverunt.

898 2801 1054 2867 Hec
1085 2801 1362 2888 quidem
1396 2820 1732 2887 campana
1762 2801 2005 2889 ingens
2028 2822 2113 2867 ac
2144 2802 2481 2868 {ammosa
2512 2815 2659 2869 erat
2691 2813 2760 2868 et
2781 2802 3166 2888 ponderum
3197 2802 3648 2869 ducentorum
3680 2803 3894 2869 multo
3923 2802 4062 2890 jam
4094 2822 4226 2869 evo
4257 2802 4625 2869 fabricata„
4676 2804 4766 2867 20

1080 2908 1261 2974 Dum
1304 2907 1380 2973 in
1421 2906 1762 2994 principio
1810 2907 2009 2973 huius
2054 2908 2306 2974 mensis
2351 2907 2491 2974 duo
2538 2908 2790 2974 fratres
2848 2909 3083 2975 rustici
3138 2907 3227 2974 de
3275 2907 3536 2976 Sancto
3595 2907 3843 2974 Paullo
3904 2909 4182 2976 Rivolle
4243 2908 4446 2975 simul
4491 2907 4625 2974 liti-

905 3025 1168 3102 garent,
1216 3013 1553 3080 sententia
1594 3014 1774 3080 inter
1823 3033 1943 3081 eos
1991 3001 2148 3094 lata,
2195 3014 2369 3081 alter
2416 3034 2654 3081 eorum
2706 3015 3202 3083 condemnatus
3248 3028 3317 3082 et
3361 3014 3751 3082 iniustitiam
3784 3015 4054 3093 fovens,
4103 3016 4388 3081 alterum
4436 3014 4625 3081 iner-

903 3142 1084 3186 mem
1132 3139 1286 3187 com
1331 3118 1581 3187 baculo
1643 3143 1772 3208 per
1830 3122 2009 3188 viam
2070 3122 2478 3210 gradentem
2537 3134 2953 3209 partesanna
3005 3121 3368 3199 insultavit,
3425 3123 3916 3208 deprecantem
3963 3143 4052 3188 ne
4100 3143 4142 3187 a
4188 3123 4485 3188 demone
4551 3145 4626 3189 se

906 3225 1090 3294 vinci
1120 3239 1492 3313 pateretur,
1539 3228 1819 3294 tandem
1847 3227 2180 3295 insultans
2209 3229 2604 3296 insultatum
2650 3230 2982 3295 inermem
3026 3229 3346 3297 alacriter
3379 3241 3483 3296 est
3527 3229 3940 3295 vulneratus.
4039 3227 4181 3306 Qui
4226 3230 4626 3297 vulneratus

903 3334 1189 3400 Beatam
1234 3333 1592 3422 Virginem
1640 3334 2073 3421 deprecatur,
2119 3348 2195 3402 ut
2235 3338 2484 3426 justam
2533 3357 2806 3402 causam
2851 3334 3222 3403 habentem
3266 3347 3556 3414 tueatur,
3619 3336 3996 3415 exauditus,
4056 3336 4225 3403 licet
4268 3337 4626 3422 sepissime
4657 3337 4761 3402 -25

905 3438 1320 3518 vulneratus,
1353 3440 1658 3508 ellevans
1690 3439 2033 3521 baculum,
2062 3442 2135 3506 in
2169 3442 2395 3529 capite
2426 3442 2713 3509 fratrem
2745 3442 3058 3509 dolosum
3104 3454 3175 3508 et
3217 3442 3609 3509 iniustitiam
3656 3442 4009 3508 foventem
4055 3443 4396 3529 percussit
4443 3443 4632 3508 letali

907 3544 1213 3626 vulnere,
1261 3570 1348 3614 ex
1390 3568 1529 3635 quo
1560 3546 1747 3615 illico
1776 3560 2084 3617 mortuus
2116 3562 2251 3628 est3
2286 3551 2683 3637 percutiens
2712 3569 2879 3617 vero
2916 3549 3078 3616 licet
3107 3549 3520 3628 vulneratus,
3553 3548 3646 3616 ad
3675 3550 3959 3637 propria
3989 3561 4094 3616 est
4121 3570 4462 3629 reversus,
4510 3551 4630 3638 qui

911 3651 1061 3719 solo
1107 3650 1356 3720 baculo
1402 3654 1633 3743 ligneo
1680 3668 1750 3722 et
1794 3654 2070 3723 inermis
2117 3669 2358 3723 contra
2403 3670 2735 3724 armatum
2781 3657 3003 3724 victor
3048 3655 3198 3724 fuit.

1087 3759 1313 3846 Supra
1353 3761 1664 3847 proxime
1710 3775 2057 3829 narratum
2104 3775 2208 3830 est
2253 3763 2342 3830 de
2391 3762 2625 3830 divino
2670 3763 3000 3830 miraculo
3048 3764 3351 3829 fracture
3397 3762 3666 3852 Bayoni
3715 3775 3785 3830 et
3831 3763 4048 3830 corde
4104 3784 4443 3850 campane
4487 3765 4628 3831 Ba-

910 3865 1226 3956 ptisterij,
1290 3867 1453 3933 dum
1512 3880 1838 3935 sonarent
1888 3888 2024 3957 pro
2087 3871 2396 3961 exequiJs
2461 3882 2531 3937 et
2576 3868 2999 3937 funeralibus
3043 3869 3382 3958 Desiderij
3435 3870 3693 3937 Grossi.
3786 3867 4068 3936 Accidit
4113 3869 4300 3936 aliud
4346 3871 4628 3949 mirum3
4677 3873 4762 3937 30

908 3992 1068 4037 nam
1116 3971 1278 4038 dum
1325 3973 1613 4041 deberet
1658 3975 1939 4042 ellevari
1987 3997 2217 4063 capsa,
2262 3977 2334 4042 in
2380 3978 2546 4065 qua'
2596 3976 2895 4043 cadaver
2936 3976 3217 4066 jacebat
3258 3977 3331 4042 in
3378 3977 3608 4055 dome,
3654 3989 3731 4041 ut
3776 3977 3865 4043 ad
3898 3976 4263 4043 ecclesiam
4294 3977 4634 4044 maiorem

906 4089 1315 4164 portaretur,
1378 4101 1511 4168 que
1575 4093 1722 4147 erat
1781 4081 1925 4149 eius
1986 4084 2339 4169 parochia,
2403 4082 2629 4149 nullus
2690 4094 2793 4149 est
2835 4083 3172 4162 inventus,
3220 4083 3338 4170 qui
3387 4103 3665 4169 capsam
3709 4082 3896 4149 velet
3957 4082 4209 4149 levare.
4303 4082 4635 4150 Tandem

910 4184 1171 4252 dictum
1217 4198 1340 4264 est,
1373 4188 1562 4275 quod
1592 4188 2090 4255 mandaverat⁹
2070 4210 2290 4277 ipsam
2320 4190 2583 4277 portari
2612 4211 2740 4276 per
2772 4190 2916 4256 eius
2946 4190 3324 4257 mezadros.
3418 4190 3622 4255 Tunc
3652 4190 3888 4256 rustici
3923 4203 4164 4257 euntes
4194 4190 4286 4256 ad
4319 4211 4628 4277 capsam,

911 4313 1063 4357 eam
1106 4294 1179 4357 in
1224 4293 1507 4411 spatulis
1553 4308 2006 4382 sumpserunt,
2052 4308 2391 4383 ponentes
2425 4309 2632 4383 caput
2663 4309 2820 4362 ante
2855 4309 2926 4363 et
2955 4296 3175 4382 pedes
3204 4308 3414 4363 retro·
3506 4297 3790 4363 Portato
3825 4296 4215 4364 cadavere⁹
4195 4318 4265 4361 m
4299 4297 4631 4376 ecclesia,

909 4399 1072 4465 dum
1115 4399 1300 4467 velet
1347 4420 1596 4486 corpus
1645 4421 1799 4469 com
1844 4403 2128 4470 incenso
2174 4403 2246 4468 in
2291 4402 2587 4469 tirabulo
2635 4403 2859 4489 posito
2907 4402 3214 4483 ollefiefi,
3265 4404 3605 4469 catenelle
3653 4402 3925 4469 tiraboli
3970 4415 4170 4489 rupte
4216 4417 4375 4470 sunt
4405 4405 4631 4470 omni-
4675 4400 4754 4470 35

907 4503 1035 4572 bus
1080 4504 1602 4585 admirantibus,
1652 4518 1721 4575 et
1767 4521 1971 4574 antea
2003 4509 2164 4575 dum
2196 4507 2606 4574 tirabulum’
2587 4530 2810 4595 ipsum
2854 4521 3294 4595 preparatum
3339 4509 3580 4576 fuisset
3624 4528 3753 4596 pro
3785 4509 3923 4575 hoc
3956 4510 4296 4576 cadavere
4346 4510 4633 4576 odorifi-

913 4612 1159 4690 cand0,
1208 4611 1573 4679 tirabulum
1623 4614 1711 4679 de
1754 4626 1993 4681 mensa
2038 4615 2178 4681 ullo
2224 4635 2360 4681 non
2410 4627 2740 4704 tangente
2790 4615 3068 4682 decidit.

1090 4718 1383 4785 Decimo
1428 4741 1588 4810 may
1635 4739 1791 4786 cum
1838 4721 2114 4808 quidam
2162 4743 2248 4787 ex
2292 4721 2491 4789 birris
2539 4722 2796 4789 domini
2840 4723 3200 4809 potestatis
3230 4722 3477 4789 Parme
3509 4722 3742 4789 ivisset
3789 4723 3880 4789 ad
3924 4722 4157 4790 villam
4202 4722 4632 4804 Pratosselli,

915 4837 990 4893 ut
1036 4838 1262 4893 certos
1308 4826 1620 4894 homines
1664 4828 2066 4915 pignoraret
2110 4829 2181 4893 in
2228 4828 2489 4895 familia
2542 4829 2812 4895 illorum
2860 4829 2948 4896 de
2996 4829 3354 4908 VichietiS,
3404 4830 3672 4897 occisus
3717 4830 3867 4897 fuit.

1090 4934 1197 4999 Ea
1241 4934 1517 5021 quidem
1565 4934 1676 5000 die
1725 4954 1881 5000 cum
1927 4935 2114 5014 aliaS,
2161 4947 2236 5002 ut
2281 4936 2547 5002 faciunt
2590 4937 2808 5023 pueri,
2856 4935 2995 5002 duo
3044 4937 3132 5002 de
3183 4936 3441 5003 Sancto
3486 4938 3905 5004 Branchatio
3950 4937 4222 5005 insimul
4285 4938 4631 5019 luderent,
4679 4942 4761 5005 40

917 5041 1089 5108 alter
1134 5041 1332 5107 alteri
1396 5041 1668 5107 oculum
1715 5041 1947 5120 eiecit3
1996 5042 2181 5108 unde
2227 5044 2652 5122 monoculus,
2684 5064 2871 5109 nunc
2903 5043 3133 5122 home,
3167 5044 3560 5124 associatus,
3593 5046 3946 5132 reperiens
3979 5047 4266 5113 alterum
4300 5066 4459 5112 com
4489 5067 4634 5113 uno

916 5148 1054 5214 alio
1087 5167 1209 5214 suo
1240 5146 1478 5227 fratre,
1523 5168 1787 5214 memor
1833 5148 2015 5214 oculi
2063 5149 2297 5229 evulsi,
2347 5149 2585 5216 ambos
2630 5151 2880 5216 fratres
2927 5170 3080 5216 com
3129 5150 3333 5217 armis
3376 5151 3723 5218 insultavit
3769 5152 4266 5220 etxvulneravit
4311 5152 4629 5231 letaliter,

918 5253 1094 5319 alter
1139 5262 1428 5341 quorum
1470 5254 1653 5321 infra
1699 5254 1946 5322 breves
1993 5255 2199 5323 horas
2243 5268 2547 5324 mortuus
2594 5268 2715 5324 est.

1091 5358 1223 5427 Die
1279 5361 1356 5426 12
1403 5382 1563 5451 may
1617 5362 1776 5427 1481
1830 5363 2083 5449 scripte
2116 5376 2273 5429 sunt
2303 5363 2528 5430 littere
2562 5385 2649 5430 ex
2679 5364 3000 5451 Neapoli,
3032 5365 3351 5453 qualliter
3382 5364 3521 5430 dux
3552 5364 3948 5433 Challabrie
3979 5367 4185 5434 fillius
4228 5367 4414 5457 regis
4462 5369 4633 5435 Fer-

914 5465 1197 5534 dinandi
1241 5479 1565 5554 posuerat
1612 5480 1839 5534 castra
1881 5489 2101 5557 prope
2151 5470 2496 5536 civitatem
2524 5471 2949 5537 Idrontinam
2981 5470 3279 5558 Apullee
3315 5483 3722 5558 occupatam
3753 5494 3797 5539 a
3826 5471 4126 5540 Turohis
4156 5474 4248 5540 ad
4294 5475 4437 5542 duo
4483 5475 4633 5541 mil-
4677 5474 4758 5542 45

920 5572 1116 5639 liaria
1161 5586 1231 5640 et
1277 5574 1465 5661 quod
1509 5574 1689 5640 inter
1736 5595 1858 5642 eos
1902 5597 2041 5662 pax
2085 5574 2508 5643 tractabatur
2550 5577 2623 5642 in
2669 5576 2864 5643 brevi
2909 5591 3253 5666 sequtura.

1094 5678 1177 5746 In
1221 5679 1564 5767 principio
1608 5681 1810 5747 huius
1855 5681 2106 5748 mensis
2149 5704 2311 5772 may
2354 5704 2398 5749 a
2442 5695 2623 5749 statu
2679 5682 3060 5750 Mediolani
3119 5685 3373 5772 scripte
3437 5698 3593 5753 sunt
3640 5688 4011 5775 magnifico
4058 5687 4338 5754 domino
4385 5687 4631 5756 Petro-

880 5786 1128 5852 ·marie
1175 5784 1430 5853 Rubeo
1480 5786 1726 5867 littere,
1773 5787 1963 5874 quod
2022 5787 2189 5854 velit
2247 5789 2605 5856 restituere
2665 5789 2968 5879 Johanni
3031 5789 3320 5868 Quirico
3383 5792 3473 5858 de
3531 5791 3791 5860 Sancto
3837 5793 4097 5874 Vitam,
4145 5794 4287 5862 filio
4334 5796 4636 5862 condam

1094 6043 1182 6109 48.
1220 6042 1407 6093 littere
1442 6057 1543 6094 om.
1579 6043 1698 6095 cod.
