4895 7066
489 3812 648 3862 Mun..
679 3815 764 3856 296

571 5101 612 5134 C.
638 5099 755 5141 30?

954 454 1050 531 38
2242 458 2716 535 CRONICA
2773 458 3366 536 GESTORUM
4010 473 4118 546 [Α.
4161 477 4324 534 1479
4365 475 4661 547 gennaio]

1116 705 1387 773 Eodem
1434 725 1614 771 anno
1669 676 1835 778 1479
1882 706 2001 772 die
2045 707 2382 796 vigesimo
2421 706 2693 797 januarj
2741 718 3058 776 vertente
3099 690 3243 796 jam
3289 708 3412 775 diu
3442 708 3744 775 maxima
3790 710 4269 776 controversia
4298 710 4484 776 inter
4529 730 4641 775 co-

942 811 1181 879 mitem
1246 812 1785 880 Bartollameum
1855 812 2142 879 Scotum
2189 813 2490 880 nobilem
2556 812 3068 891 Placentinum,
3136 834 3222 880 ac
3290 814 3619 883 comitem
3685 814 4028 903 Jacobum
4095 826 4168 883 et
4233 816 4492 884 fratres
4563 818 4659 884 de

947 917 1205 984 Scottis
1273 928 1565 1004 nepotes
1626 939 1805 999 suos,
1866 938 1996 1006 pro
2055 931 2286 986 castro
2354 919 2663 1009 Vugleni
2722 919 3140 987 Placentine
3201 919 3520 1000 diocesis,
3584 923 3775 1010 quod
3835 942 3966 1009 per
4024 921 4247 1010 ipsum
4319 922 4655 990 comitem

935 1022 1468 1091 Bartollameum
1512 1024 1897 1106 tenebatur,
1945 1039 2246 1112 emptum
2289 1048 2333 1093 a
2380 1026 2560 1094 duce
2608 1027 2907 1094 condam
2953 1027 3231 1105 Galeaz,
3279 1039 3349 1093 et
3392 1048 3517 1113 per
3562 1026 3784 1114 ipsum
3845 1040 4208 1114 acceptum
4258 1029 4471 1096 dictis
4530 1048 4657 1094 co-

937 1129 1090 1197 miti
1135 1131 1402 1217 Jacobo
1447 1146 1518 1198 et
1562 1131 1909 1211 fratribus,
1957 1131 2049 1199 ob
2093 1133 2425 1199 nonnulla
2487 1154 2724 1199 eorum
2784 1133 3163 1201 demerita:
3212 1133 3496 1201 scallam
3564 1146 3635 1200 et
3690 1134 4028 1203 derobata
4076 1136 4212 1201 fuit
4273 1157 4400 1201 arx
4461 1135 4653 1202 dicti
4745 1134 4784 1200 5

935 1237 1144 1302 castri
1189 1237 1469 1306 nomine
1515 1251 1840 1326 nepotum
1884 1239 2184 1325 prefacti
2231 1238 2505 1306 comitis
2547 1239 2995 1307 Bartollamei
3043 1260 3169 1326 per
3214 1240 3580 1309 nonnullos
3639 1240 3956 1307 bannitos
4001 1240 4480 1320 Placentinos,
4531 1240 4656 1328 qui

935 1342 1328 1413 clamabant
1374 1346 1701 1412 continue
1741 1349 1771 1383 “
1794 1345 2133 1424 Rubert0,
2165 1344 2484 1413 Ruberto
2501 1392 2563 1427 „.
2653 1343 2771 1411 Ad
2804 1345 2999 1412 cuius
3030 1347 3240 1413 castri
3273 1346 3745 1415 obscidionem
3773 1346 4207 1415 illustrissimi
4237 1350 4459 1415 duces
4490 1345 4658 1412 Me-

934 1448 1196 1515 diolani
1241 1450 1610 1519 misserunt
1656 1451 1924 1541 aliquas
1968 1462 2212 1541 gentes
2258 1463 2613 1540 equestres
2657 1464 2729 1519 et
2773 1453 3155 1538 pedestres,
3204 1474 3338 1540 que
3397 1454 3586 1519 infra
3641 1464 3782 1521 tres
3844 1455 3991 1521 dies
4052 1466 4350 1522 castrum
4416 1455 4652 1541 ipsum

945 1553 1406 1638 obtinuerunt,
1453 1558 2026 1647 muniveruntque
2071 1557 2350 1625 nomine
2395 1569 2609 1625 status
2653 1559 2921 1627 ducalis
2967 1571 3038 1625 et
3082 1558 3311 1626 dictos
3355 1559 3681 1628 bannitos
3723 1581 4009 1627 numero
4054 1561 4356 1650 trigenta
4400 1560 4650 1647 expul-

932 1660 1185 1729 lerunt.
4701 1669 4786 1733 10

1111 1770 1460 1848 Quoniam
1508 1771 1788 1838 domina
1830 1771 2161 1839 Violanta
2205 1791 2380 1855 uxor
2420 1768 2712 1862 Antonij
2761 1771 3134 1862 Tayaferri
3178 1773 3470 1861 relegati
3514 1773 3588 1839 in
3630 1772 4035 1840 Mediolano
4082 1772 4154 1839 in
4199 1774 4337 1842 fine
4399 1775 4652 1840 mortis

931 1873 1227 1961 jacebat,
1273 1876 1421 1963 ipse
1467 1875 1809 1945 Antonius
1854 1877 2142 1945 obtenta
2185 1878 2468 1945 licentia
2497 1899 2629 1965 per
2658 1877 3054 1965 quindecim
3085 1879 3238 1945 dies
3264 1880 3458 1946 venit
3489 1900 3577 1945 ex
3605 1879 4009 1948 Mediolano
4043 1879 4367 1946 Parmam
4399 1902 4651 1966 supra-

933 1981 1194 2069 scripto
1239 1985 1355 2053 die
1400 1983 1731 2074 vigesimo
1774 1982 2092 2072 januarij,
2143 1984 2258 2051 die
2304 2004 2470 2051 vero
2516 1984 2851 2073 vigesimo
2897 1987 3211 2053 secundo
3259 1985 3431 2053 dicti
3483 1986 3732 2052 mensis
3790 1987 3922 2052 hec
3983 1985 4356 2073 expiravit3
4420 1987 4650 2053 altera

926 2109 1090 2156 vero
1138 2091 1254 2157 die
1298 2102 1457 2178 post
1501 2092 1764 2157 dictum
1812 2091 2076 2157 obitum
2120 2103 2376 2172 secuta,
2423 2091 2748 2161 dominus
2789 2092 3190 2159 Ludovicus
3236 2095 3325 2160 de
3369 2090 3652 2159 Antinis
3695 2112 3912 2182 gener
3954 2094 4298 2161 dictorum
4339 2092 4642 2181 Antonij

932 2206 1001 2261 et
1045 2196 1398 2278 defuncte,
1445 2218 1601 2265 com
1645 2197 1935 2264 licentia
1975 2219 2061 2263 ex
2104 2196 2534 2277 Mediolano,
2581 2196 2700 2264 ubi
2742 2197 3086 2287 relegatus
3134 2210 3302 2277 erat,
3335 2198 3657 2265 Parmam
3686 2200 3876 2266 venit
3908 2199 4001 2267 ob
4034 2200 4300 2265 dictam
4332 2219 4644 2278 causam,
4701 2200 4778 2265 15

927 2303 1046 2389 qui
1091 2302 1297 2369 ambo
1343 2315 1672 2392 tanquam
1718 2303 1859 2371 duo
1904 2304 2139 2390 capita
2195 2304 2402 2371 trium
2466 2305 2939 2392 squadrarum,
3003 2306 3326 2372 continue
3372 2317 3464 2387 et,
3488 2326 3644 2373 com
3706 2307 4102 2394 frequentia
4159 2300 4417 2373 visitati
4479 2319 4647 2372 sunt

925 2408 1014 2475 ab
1060 2409 1201 2476 illis
1234 2411 1321 2478 de
1354 2410 1572 2477 tribus
1600 2410 1944 2499 squadris,
1976 2431 2060 2477 ac
2092 2410 2152 2477 si
2186 2412 2475 2477 fuissent
2507 2412 2795 2492 domini,
2829 2423 2901 2479 et
2930 2413 3271 2500 quicquid
3300 2423 3674 2498 potuerunt
3706 2414 3978 2499 operati
4008 2423 4307 2491 sunt,.ne
4339 2413 4644 2500 amplius

926 2529 1435 2584 reverterentur
1475 2517 1989 2599 Mediolanum3
2039 2516 2130 2583 ad
2175 2518 2362 2604 quod
2408 2530 2635 2584 tamen
2680 2520 2980 2599 iverunt,
3025 2519 3426 2608 reversique
3458 2530 3616 2587 sunt
3647 2519 3767 2587 die
3796 2539 3984 2585 nona
4013 2517 4344 2611 februarij
4380 2523 4638 2608 sequti.

1104 2623 1370 2692 Eodem
1414 2642 1597 2691 anno
1651 2620 1818 2694 1479
1868 2622 1983 2691 die
2024 2622 2233 2711 xxvij.
2281 2623 2533 2691 mensis
2573 2624 2870 2713 januarii
2915 2625 3102 2691 fama
3147 2625 3615 2713 vulgatissima
3660 2625 3848 2693 venit
3891 2625 3965 2690 in
4011 2625 4292 2693 civitate
4353 2625 4640 2706 Parme,

926 2731 1117 2817 quod
1161 2731 1304 2796 dux
1345 2731 1565 2809 Barri,
1616 2730 1930 2798 dominus
1973 2728 2318 2797 Ascanius
2347 2731 2915 2817 prothonotarius
2944 2743 3017 2798 et
3048 2731 3372 2799 dominus
3401 2730 3803 2800 Ludovicus
3833 2731 4084 2798 fratres
4115 2733 4468 2821 quondam
4505 2734 4641 2799 du·
4687 2736 4775 2799 20

925 2836 1029 2902 cis
1074 2835 1375 2916 Galleaz,
1424 2837 1543 2925 qui
1587 2836 1918 2904 confinati
1963 2837 2261 2915 fuerant,
2308 2848 2518 2923 prout
2561 2836 2877 2923 superius
2922 2849 3274 2904 narratum
3302 2850 3425 2917 est,
3474 2849 3804 2924 ruperant
3835 2838 4019 2924 ipsos
4063 2839 4165 2904 eis
4212 2839 4414 2905 datos
4457 2859 4638 2905 con-

919 2942 1089 3007 fines
1131 2952 1202 3007 et
1244 2941 1335 3009 ab
1380 2943 1484 3009 eis
1529 2943 1673 3010 sine
1705 2942 1986 3011 licentia
2017 2942 2457 3011 dominorum
2489 2944 2748 3011 ducum
2775 2943 3166 3012 Mediolani
3197 2943 3678 3024 discesserant,
3712 2955 4180 3033 venerantque
4210 2945 4283 3011 in
4315 2945 4636 3032 partibus

917 3046 1311 3128 Lunesane„
1352 3050 1471 3116 ubi
1517 3051 1760 3117 aderat
1804 3049 2127 3116 dominus
2172 3048 2526 3116 Robertus
2570 3071 2655 3115 ex
2701 3049 2961 3137 Sancto
2997 3050 3360 3129 Severino,
3394 3069 3552 3116 com
3584 3070 3722 3137 quo
3753 3071 3827 3116 se
3856 3051 4182 3117 unierunt
4212 3073 4343 3137 pro
4375 3071 4636 3138 guerra

918 3154 1246 3222 facienda
1293 3157 1594 3223 dominis
1638 3156 1933 3225 ducibus
1975 3156 2363 3224 Mediolani
2411 3167 2483 3221 et
2527 3157 2665 3222 hoc
2695 3158 2790 3224 ad
2818 3157 3330 3243 persuasionem
3359 3156 3544 3245 regis
3572 3157 3996 3225 Ferdinandi
4026 3178 4110 3224 ac
4144 3157 4316 3225 dicti
4361 3158 4634 3226 domini

915 3259 1234 3341 Roberti,
1280 3274 1752 3351 veneruntque
1797 3264 1868 3329 in
1912 3275 2099 3330 terra
2145 3262 2468 3350 Corrigie
2499 3263 2815 3329 nonnulli
2863 3264 3189 3352 armigeri
3236 3263 3413 3330 dicti
3461 3262 3723 3329 domini
3756 3263 4055 3330 Roberti
4085 3285 4244 3331 com
4278 3264 4632 3352 aliquibus
4679 3268 4765 3333 25

923 3365 1235 3435 bannitis
1299 3389 1428 3455 pro
1496 3369 1978 3437 conducendis
2045 3380 2115 3435 et
2183 3368 2626 3437 assoldandis
2691 3368 3014 3458 gentibus
3080 3369 3174 3435 ad
3240 3388 3477 3435 eorum
3522 3368 3928 3455 petitionem
3975 3381 4043 3435 et
4088 3370 4530 3456 stipendium.

1091 3474 1245 3542 Hoc
1293 3476 1503 3543 etiam
1549 3497 1782 3544 mense
1823 3475 2119 3567 januarij
2168 3476 2437 3543 firmata
2482 3476 2635 3556 fuit,
2692 3496 2777 3543 ac
2836 3474 3197 3564 publicata
3241 3476 3311 3542 in
3358 3475 3648 3543 civitate
3690 3476 3913 3564 Janue
3956 3475 4103 3564 liga
4160 3488 4233 3545 et
4292 3478 4634 3546 confede-

910 3582 1092 3648 ratio
1137 3582 1321 3651 inter
1361 3604 1697 3670 summum
1739 3583 2161 3670 pontificem,
2206 3604 2441 3672 regem
2486 3583 3032 3661 Ferdinandum‚
3076 3603 3161 3649 ac
3209 3583 3565 3649 dominum
3593 3583 4050 3669 Baptistinum
4082 3602 4340 3650 novum
4373 3586 4632 3652 ducem

919 3688 1166 3776 Janue,
1215 3710 1370 3756 com
1416 3690 1879 3756 reservatione
1923 3701 1993 3757 et
2040 3690 2188 3756 sine
2232 3689 2611 3776 preiuditio
2660 3690 3125 3776 capitulorum
3169 3689 3499 3756 initorum
3543 3710 3673 3776 per
3714 3689 3941 3777 ipsum
3987 3689 4345 3757 dominum
4375 3691 4628 3778 Bapti-

914 3795 1166 3862 stinum
1235 3819 1393 3864 com
1462 3808 1643 3864 statu
1703 3795 2153 3876 Mediolani3'
2215 3807 2287 3865 et
2346 3798 2537 3864 facte
2600 3807 2760 3864 sunt
2811 3796 3279 3864 solemnitates
3325 3796 3572 3866 festive
3620 3796 3713 3864 ob
3758 3798 3894 3863 hoc
3941 3796 4015 3863 in
4075 3798 4304 3884 Janua
4357 3809 4428 3864 et
4489 3798 4625 3866 Ri-
4674 3801 4766 3865 30

909 3903 1110 3989 paria
1153 3925 1297 3971 sua.
4343 3983 4360 4002 ἱ

1082 4009 1296 4077 Circa
1336 4011 1644 4077 medium
1692 4011 1866 4080 dicti
1913 4011 2166 4078 mensis
2206 4011 2505 4101 januarii
2557 4032 2798 4079 omnes
2841 4021 3082 4100 gentes
3125 4010 3467 4099 armigere
3513 4021 3725 4078 status
3769 4009 4181 4090 Mediolani,
4227 4032 4362 4098 que
4412 4024 4618 4078 erant

911 4116 987 4182 in
1031 4138 1198 4207 agro
1244 4117 1499 4185 Pisano
1555 4119 1650 4186 ad
1712 4117 2220 4206 allogiamenta,
2265 4139 2540 4184 reverse
2586 4129 2743 4186 sunt
2785 4119 2862 4183 in
2904 4116 3333 4185 Lombardia
3376 4117 3555 4183 male
3603 4117 3920 4184 ordinate
3984 4138 4141 4185 com
4205 4118 4401 4206 equis
4464 4140 4618 4184 ma·-

907 4223 1416 4305 cillentissimis,
1465 4213 2021 4292 claudicantibus
2065 4235 2136 4290 et
2178 4225 2294 4291 vix
2339 4224 2647 4292 cruribus
2714 4224 3130 4291 herentibus.
3223 4225 3488 4291 Gentes
3554 4244 3720 4291 vero
3787 4224 4133 4314 armigere
4200 4225 4627 4292 marchionis

904 4329 1217 4410 Mantue,
1265 4351 1399 4418 que
1446 4342 1645 4398 erant
1691 4333 1785 4399 ad
1830 4332 2215 4399 custodiam
2262 4331 2478 4419 Burgi
2523 4330 2745 4397 Vallis
2790 4331 3087 4397 Taronis
3147 4331 3284 4397 hoc
3330 4343 3665 4417 tempore,
3714 4329 4014 4397 dimissis
4058 4330 4198 4397 illic
4245 4331 4618 4417 peditibus,
4672 4331 4760 4397 35

900 4454 1177 4502 reverse
1220 4447 1380 4503 sunt
1423 4439 1518 4505 ad
1561 4460 1685 4505 sua
1728 4448 1965 4505 vetera
2009 4438 2498 4526 allogiamenta
2544 4437 2618 4503 in
2664 4458 2834 4525 agro
2879 4438 3263 4504 Mantuano
3310 4436 3473 4503 satis
3518 4436 3695 4503 bene
3742 4449 3812 4503 et
3860 4436 4116 4523 optime
4161 4448 4439 4505 stantes.

1080 4543 1349 4610 Eodem
1394 4565 1577 4610 anno
1631 4543 1798 4615 1479
1847 4544 1966 4611 die
2012 4544 2226 4610 tertio
2272 4544 2608 4633 februarij
2662 4543 2981 4611 transivit
3024 4565 3150 4630 per
3194 4543 3519 4609 Parmam
3583 4545 3902 4611 dominus
3958 4544 4315 4632 Johannes
4373 4542 4618 4634 Ange-

905 4647 1007 4714 lus
1051 4653 1141 4716 de
1187 4650 1542 4717 Florentia
1587 4649 2143 4719 Mediolanensis
2188 4652 2279 4718 de
2325 4650 2648 4718 consillio
2693 4661 2990 4730 secreto,
3037 4651 3157 4737 qui
3204 4651 3402 4717 vadit
3447 4650 3747 4717 Romam
3792 4670 3921 4737 pro
3970 4650 4204 4717 ducali
4238 4663 4512 4716 oratore
4544 4663 4620 4718 et

901 4756 1093 4836 dixit,
1140 4758 1330 4844 quod
1356 4745 1642 4824 ‘Mutine
1687 4756 1945 4825 debent
1990 4757 2160 4844 ipse,
2208 4768 2443 4824 orator
2486 4756 2799 4824 Venetus
2843 4768 2916 4824 et
2961 4757 3163 4824 ducis
3208 4757 3491 4824 Ferarie
3537 4778 3612 4823 se
3658 4757 3860 4822 unire
3906 4767 3976 4823 et
4007 4757 4109 4822 ire
4155 4756 4440 4822 insimul
4467 4757 4609 4824 Bo-

899 4861 1183 4929 noniam
1249 4874 1319 4930 et
1387 4864 1645 4931 exinde
1713 4863 2141 4930 Florentiam
2212 4883 2369 4930 com
2426 4873 2702 4930 oratore
2749 4863 3177 4930 Bononiensi
3220 4874 3288 4930 et
3336 4884 3424 4930 ex
3469 4863 3824 4931 Florentia
3871 4859 4170 4929 Romam
4233 4883 4390 4930 com
4450 4883 4612 4929 ora·
4662 4867 4753 4930 40

895 4979 1053 5035 tore
1085 4969 1488 5036 Florentino
1522 4989 1651 5057 pro
1698 4971 2207 5048 concludenda,
2253 4969 2398 5037 sive
2444 4968 2779 5036 vastanda
2823 4989 2998 5056 pace
3041 4980 3338 5037 tractata
3383 4970 3563 5037 inter
3595 4990 3718 5038 eos
3747 4989 3905 5036 com
3935 4989 4102 5059 rege
4133 4969 4611 5038 Ferdinando.

1078 5075 1321 5142 Tertio
1367 5076 1482 5142 die
1521 5075 1821 5164 januarii
1869 5075 2045 5144 dicti
2091 5075 2258 5141 anni
2312 5074 2480 5146 1479
2527 5075 2936 5165 magnificus
2981 5076 3299 5142 dominus
3330 5074 3756 5163 gubernator
3783 5074 4032 5142 Parme
4062 5076 4239 5142 fecit
4268 5075 4344 5141 in
4373 5077 4607 5163 prima

894 5181 1190 5268 guardia
1234 5181 1460 5248 noctis
1503 5182 1855 5270 sequentis
1898 5182 2191 5249 reserari
2235 5194 2306 5249 et
2351 5182 2613 5249 clavari
2659 5194 2895 5268 portas
2938 5182 3199 5249 seratas
3245 5202 3403 5248 com
3449 5182 3698 5271 hostijs
3742 5181 4011 5249 noviter
4054 5183 4199 5248 fieri
4253 5184 4479 5248 factas
4539 5183 4614 5248 in

893 5299 1157 5354 murata
1202 5287 1432 5374 platee
1479 5289 1862 5355 communis
1904 5289 2176 5369 Parme,
2226 5290 2315 5356 de
2362 5311 2503 5377 quo
2548 5288 2828 5355 insolito
2875 5301 3015 5355 tres
3046 5289 3346 5378 squadre
3378 5289 3717 5356 admirate
3750 5299 3932 5367 sunt,
3965 5288 4417 5377 deputatique
4447 5302 4610 5356 sunt

888 5394 1345 5480 provisionati
1391 5397 1484 5464 ad
1531 5397 1914 5463 custodiam
1963 5396 2234 5486 singule
2278 5407 2504 5484 porte.
4660 5397 4748 5464 45

1071 5501 1342 5581 Quarta
1387 5504 1506 5572 die
1546 5503 1847 5593 januarij
1897 5503 2068 5570 dicti
2101 5503 2267 5570 anni
2311 5504 2383 5569 in
2428 5503 2842 5570 executione
2888 5503 3274 5571 litterarum
3308 5504 3658 5571 ducalium
3691 5505 4092 5572 mandatum
4124 5504 4262 5570 fuit
4293 5503 4613 5571 omnibus

889 5607 1387 5698 armigeriscde
1434 5609 1704 5676 familia
1750 5609 1980 5677 ducali
2023 5609 2100 5675 in
2144 5609 2504 5677 Parmensi
2549 5610 2900 5700 allogiatis
2946 5622 3017 5677 et
3064 5610 3387 5677 similiter
3430 5610 3504 5676 in
3549 5622 3699 5678 toto
3747 5611 4060 5678 dominio
4108 5610 4368 5691 ducali,
4414 5611 4610 5698 quod

888 5735 962 5781 se
1007 5715 1362 5802 reperiant
1407 5738 1566 5783 cum
1609 5736 1845 5783 eorum
1889 5716 2089 5805 equis
2134 5730 2205 5785 et
2249 5717 2460 5783 armis
2504 5717 2576 5782 in
2624 5717 2783 5783 loco
2830 5716 3107 5784 abbatie
3154 5718 3567 5785 Clarevallis
3611 5717 4020 5785 Placentine
4067 5716 4393 5797 diocesis,
4457 5717 4608 5784 illic

884 5822 1219 5908 pecunias
1263 5823 1615 5910 recepturi
1660 5833 1732 5890 et
1777 5824 1942 5890 ituri
1989 5846 2128 5913 quo
2173 5826 2277 5893 eis
2320 5825 2767 5893 mandabitur
2811 5847 2937 5912 per
2981 5826 3301 5894 comitem
3349 5825 3696 5893 Borellam
3749 5837 3820 5892 et
3864 5824 4289 5892 Michaelem
4336 5825 4608 5893 Batalie

885 5929 1391 5996 commissarios
1435 5950 1644 6016 super
1687 5931 1923 5999 ducali
1972 5932 2261 6001 familia.
4657 5931 4748 5999 50
