4895 7066
529 1105 685 1154 Μυιι..
715 1105 798 1147 349

514 5300 671 5344 Mun..
703 5300 788 5343 350

957 501 1056 584 78
2247 505 2730 582 CRONICA
2784 504 3372 581 GESTORUM
3689 516 3796 589 [A.
3839 521 4005 575 1480
4042 517 4676 588 settembre-ottobre]

949 658 1264 669 moneo-mmo·
1268 657 1355 667 ..q-000·
1359 657 2080 667 mmo—mmmm

1121 768 1621 858 Apparuerunt
1662 770 1740 836 in
1784 789 1954 860 agro
1998 768 2356 837 Parmensi
2400 792 2445 837 a
2487 767 2766 836 flumine
2811 768 2989 836 Padi
3032 790 3242 857 supra
3284 770 3542 837 flumen
3584 770 3924 838 Tarronis
3966 790 4184 860 usque
4215 770 4286 838 in
4318 770 4678 838 montibus

945 878 1084 946 hoc
1129 897 1367 944 mense
1411 876 1829 965 septembris
1871 875 2165 943 maxime
2211 874 2630 963 quantitates
2675 873 3093 943 locustarum
3137 875 3333 963 quasi
3376 886 3632 943 terram
3678 876 4187 965 coperientium
4227 898 4367 965 per
4413 888 4679 944 tantum

944 985 1270 1071 spatium,
1299 1004 1429 1071 per
1458 996 1786 1073 quantum
1819 982 2165 1051 durabant
2192 982 2271 1049 in
2302 980 2667 1050 latitudine
2698 1003 2828 1070 per
2859 994 3179 1070 quartum
3208 981 3512 1074 milliarii
3543 994 3614 1051 et
3642 982 3718 1049 in
3747 983 4181 1072 longitudine
4209 1004 4345 1071 per
4377 995 4679 1072 quatuor

948 1085 1265 1153 milliaria
1311 1097 1381 1154 et
1424 1087 1625 1165 ultra,
1669 1084 1925 1153 herbas
1967 1083 2420 1173 pascentium,
2454 1103 2590 1173 que
2622 1103 2779 1151 com
2809 1083 3149 1152 sonitibus
3180 1084 3710 1171 expellebantur
3753 1096 3826 1151 et
3868 1083 4338 1164 terrefiebant,
4389 1086 4469 1151 in
4515 1106 4672 1153 sero

947 1214 1116 1261 vero
1162 1214 1236 1261 se
1282 1192 1559 1260 insimul
1602 1190 1938 1260 cohibant
1978 1188 2181 1258 bine!
2266 1189 2623 1258 Masculus
2668 1190 2950 1280 quidem
2984 1202 3134 1258 erat
3163 1189 3424 1270 viridis,
3456 1190 3715 1257 femina
3746 1211 3912 1257 vero
3943 1192 4225 1258 trahens
4268 1191 4346 1257 in
4394 1192 4677 1279 nigrum
4758 1191 4793 1258 5

948 1299 1469 1388 aliquantulum,
1501 1319 1635 1366 nec
1667 1297 1757 1366 ab
1786 1297 2087 1365 invicem
2118 1307 2442 1385 poterant
2487 1297 2818 1385 separari.
2908 1297 3020 1365 He
3065 1296 3348 1385 quidem
3390 1293 3659 1365 bellue'
3692 1297 3975 1364 fuerunt
4020 1297 4092 1363 in
4136 1318 4306 1386 agro
4339 1295 4678 1365 Brisiensi

951 1418 1024 1475 et
1065 1407 1475 1484 Mantuano,
1518 1403 1641 1472 ubi
1685 1403 2113 1494 permaxima
2156 1403 2383 1495 viguit
2426 1404 2663 1492 pestis.
2754 1403 3132 1472 Dubitatur
3173 1402 3273 1471 ibi
3317 1404 3465 1471 fieri
3510 1403 3736 1471 simile
3783 1404 3977 1492 quod
4018 1404 4214 1471 Deus
4256 1415 4562 1472 avertat.

1119 1513 1284 1582 Fuit
1340 1511 1479 1579 hoc
1524 1532 1711 1579 anno
1772 1522 1967 1579 tanta
2029 1510 2239 1598 copia
2281 1508 2431 1577 vini
2476 1510 2554 1577 in
2596 1521 2775 1578 totto
2819 1509 3203 1589 Parmensi,
3249 1510 3441 1598 quod
3484 1510 3603 1576 vix
3647 1510 3912 1600 colligi,
3955 1523 4077 1579 aut
4118 1512 4377 1599 reponi
4424 1513 4672 1599 potnit,

945 1613 1316 1703 multisque
1359 1613 1431 1678 in
1477 1612 1654 1681 locis
1699 1613 2059 1681 castellata
2101 1629 2579 1679 mensurarum
2640 1632 2761 1680 sex
2821 1612 3122 1679 dabatur
3176 1632 3306 1700 pro
3365 1611 3583 1680 soldis
3625 1612 3874 1703 viginti
3890 1637 3909 1691 ;
3958 1624 4031 1681 et
4071 1613 4316 1681 m‘ultis
4379 1614 4457 1680 in
4503 1613 4678 1682 locis

945 1720 1241 1789 dabatur
1284 1719 1609 1788 collectio
1654 1741 1946 1787 uvarum
1988 1720 2084 1788 ad
2127 1719 2438 1787 medium
2484 1730 2555 1787 et
2598 1720 2672 1786 in
2717 1714 2951 1787 multis
3011 1719 3189 1788 locis
3248 1719 3672 1786 marcefacte
3734 1732 3894 1786 sunt
3936 1720 4010 1786 in
4053 1719 4454 1800 arboribus,
4517 1743 4674 1789 cum
4724 1724 4792 1788 10

946 1843 1086 1890 non
1129 1821 1489 1904 haberent,
1532 1822 1655 1890 ubi
1700 1842 1821 1889 eas
1863 1840 2240 1909 reponere3
2287 1821 2704 1910 duravitque
2746 1821 3101 1889 vindemia
3145 1844 3363 1911 usque
3408 1820 3503 1888 ad
3545 1817 3857 1889 medium
3901 1821 4236 1891 octobris.

1117 1925 1435 1993 Mortuus
1477 1935 1582 1992 est
1623 1926 1765 1991 hoc
1809 1937 2125 2012 tempore
2172 1923 2496 1992 dominus
2542 1921 2892 1991 Antonius
2937 1923 3142 1991 Sicus
3201 1924 3711 1991 commissarius
3769 1923 4143 2004 Cremone,
4187 1923 4261 1991 in
4308 1925 4517 1992 cuius
4573 1925 4674 1992 lo-

944 2054 1103 2099 cum
1148 2032 1397 2099 missus
1440 2042 1547 2099 est
1592 2032 1914 2099 dominus
1959 2031 2193 2100 Guido
2237 2030 2589 2100 Antonius
2633 2031 2724 2097 de
2769 2028 3269 2116 Arcimboldis,
3317 2030 3438 2119 qui
3485 2041 3636 2098 erat
3681 2031 4193 2099 commissarius
4235 2029 4629 2101 Placentie.

1122 2121 1300 2206 Cum
1344 2139 1515 2208 alias
1557 2148 1876 2227 tempore
1923 2137 2314 2228 Innocentij
2359 2158 2544 2227 pape
2587 2137 2815 2225 quarti
2855 2137 3142 2225 incepta
3183 2137 3433 2205 fuisset
3476 2137 3549 2203 in
3595 2136 3914 2206 ecclexia
3956 2136 4202 2206 Sancti
4245 2137 4455 2206 Petri
4485 2138 4673 2205 Mar-

941 2242 1091 2310 tiris
1136 2242 1399 2309 ordinis
1463 2239 1709 2309 Sancti
1771 2240 2123 2309 Dominici
2180 2240 2490 2308 civitatis
2547 2239 2801 2308 Parme
2861 2241 3161 2308 societas
3220 2239 3885 2329 crucesignatorum,
3947 2260 4083 2330 que
4145 2242 4671 2329 quodammodo
4718 2241 4782 2308 15

942 2351 1014 2416 in
1067 2347 1597 2416 desuetudinem
1641 2359 1951 2426 venerat,
1996 2347 2135 2415 hoc
2179 2367 2365 2415 anno
2410 2357 2746 2414 renovata
2789 2345 2943 2414 fuit.
3035 2346 3118 2413 In
3148 2368 3289 2435 qua
3319 2346 3726 2434 quammulti
3756 2346 3953 2413 cives
3981 2347 4448 2430 intraverunt,
4481 2348 4672 2415 cuius

946 2474 1160 2522 onera
1203 2464 1383 2533 sunt,
1428 2465 1506 2521 ut
1550 2452 1845 2542 quilibet
1891 2452 2076 2520 dicte
2119 2451 2478 2521 societatis
2537 2471 2818 2522 crucem
2862 2452 2942 2518 in
2985 2450 3293 2519 vestibus
3351 2451 3637 2519 rubeam
3698 2473 3988 2539 parvam
4048 2454 4140 2519 de
4202 2451 4422 2521 sirico
4469 2475 4671 2541 super

941 2562 1162 2627 latere
1207 2562 1455 2627 dextro
1502 2561 1835 2639 deferret,
1881 2560 2208 2650 quodque
2254 2571 2545 2627 voveret
2585 2572 2656 2627 et
2701 2558 3141 2646 promitteret
3184 2579 3282 2639 se,
3329 2558 3700 2626 facultates
3729 2579 3888 2626 suas
3933 2570 4005 2626 et
4047 2560 4469 2648 sanguinem
4513 2580 4671 2647 pro-

944 2663 1172 2750 prium
1218 2663 1617 2748 expendere
1661 2682 1791 2749 pro
1835 2661 2097 2728 auxilio
2142 2661 2407 2731 Christi
2454 2671 2526 2728 et
2569 2661 2734 2728 fidei
2769 2659 3145 2729 christiane
3178 2672 3421 2728 contra
3465 2659 3817 2728 hereticos
3860 2673 3932 2728 et
3971 2681 4284 2750 paganos
4334 2664 4432 2730 ad
4479 2684 4669 2729 man·

848 2807 857 2815 ·
944 2772 1108 2839 data
1153 2768 1419 2837 domini
1463 2768 1893 2857 inquisitoris
1939 2769 2203 2836 ordinis
2260 2766 2564 2857 predicti
2608 2780 2680 2836 et
2722 2788 2879 2835 com
2939 2767 3147 2835 certis
3205 2768 3448 2855 paucis
3508 2767 3964 2856 quottidianis
4009 2769 4476 2850 orationibus,
4520 2769 4667 2836 elli·
4706 2771 4782 2835 20

941 2871 1223 2938 mosinis
1268 2871 1677 2960 quibusdam
1722 2882 1793 2938 et
1836 2870 1995 2962 alijs
2051 2870 2146 2961 pij
2156 2892 2189 2938 s
2247 2869 2595 2958 operibus.
2686 2871 2781 2937 Et
2840 2870 2976 2938 hac
3041 2889 3197 2936 com
3259 2869 3723 2957 indulgentia,
3784 2869 3977 2957 quod
4035 2871 4252 2937 semel
4280 2871 4362 2937 in
4409 2871 4561 2938 vita
4601 2883 4668 2937 et

946 2977 1161 3045 semel
1225 2978 1299 3045 in
1367 2988 1592 3046 morte
1668 2988 2212 3065 consequeretur
2274 2977 2657 3065 plenariam
2720 2997 2999 3044 suorum
3067 2987 3519 3065 peccatorum
3590 2975 4087 3044 remissionem.
4177 2977 4270 3045 Et
4329 2976 4666 3066 quemad-

940 3085 1227 3152 modum
1276 3084 1684 3153 conceditur
1726 3104 1856 3170 per
1903 3084 2278 3151 concilium
2323 3081 2837 3152 transeuntibus
2865 3082 2940 3148 in
2970 3082 3267 3150 Terram
3315 3082 3645 3150 Sanctam
3693 3094 3941 3149 contra
3977 3084 4217 3151 hostes
4260 3084 4438 3152 fidei
4485 3085 4665 3151 chri·

940 3191 1185 3270 stiane,
1232 3213 1367 3279 que
1412 3202 1518 3259 est
1566 3192 1834 3269 eadem,
1881 3211 1965 3258 ac
2011 3191 2069 3257 si
2112 3189 2412 3281 jubileus
2457 3189 3089 3279 quinquagenarius
3132 3211 3177 3256 a
3219 3209 3486 3257 summo
3528 3188 3866 3277 pontifice
3913 3189 4451 3272 concederetur,
4483 3192 4663 3280 quod

939 3294 1027 3360 sit
1071 3292 1162 3360 de
1207 3292 1412 3359 annis
1458 3291 1967 3382 quinquaginta
2008 3292 2085 3357 in
2131 3293 2634 3381 quinquaginta
2678 3291 2931 3360 Rome.
4699 3293 4771 3359 25

1114 3395 1363 3463 Tertio
1409 3393 1716 3463 octobris
1768 3395 1938 3462 1480
1983 3417 2141 3463 cum
2187 3394 2436 3462 fierent
2481 3393 2682 3462 multi
2729 3393 2979 3462 larvati
3022 3405 3270 3463 contra
3312 3393 3589 3462 solitum
3637 3393 4108 3462 discurrentes
4153 3396 4340 3463 festa
4385 3396 4658 3475 civium,

940 3503 1441 3590 proclamatum
1502 3501 1642 3570 fuit
1698 3512 1900 3591 parte
1964 3500 2227 3570 domini
2288 3500 2795 3592 gubernatoris,
2854 3521 2944 3571 ne
3005 3502 3161 3590 quis
3218 3501 3419 3570 tallia
3461 3500 3753 3570 auderet
3796 3500 3925 3570 sub
3971 3502 4172 3592 gravi
4216 3523 4433 3591 pena,
4479 3513 4661 3571 metu

939 3605 1748 3786 maagssrtnomoctobris
1798 3707 1969 3774 1480
2012 3718 2348 3775 venerunt
2407 3728 2613 3786 nova,
2660 3706 2983 3794 qualliter
3043 3706 3311 3774 Turchi
3353 3706 3726 3774 existentes
3767 3707 3846 3772 in
3886 3704 4164 3795 Apulea
4225 3709 4661 3778 discurerant

939 3814 1443 3901 Manfredonie
1487 3826 1559 3882 et
1600 3814 1969 3899 maximam
2032 3825 2384 3903 strangem
2442 3834 2529 3880 ac
2589 3814 2880 3901 predam
2940 3815 3299 3881 hominum
3356 3824 3428 3881 et
3485 3812 3866 3880 bestiarum
3925 3816 4268 3894 fecerant,
4327 3816 4656 3904 quodque
4691 3815 4765 3879 30

943 3923 1378 3991 advenerant
1438 3920 1512 3987 in
1572 3941 1809 3988 eorum
1870 3921 2148 4010 agmine
2210 3931 2487 3988 centum
2548 3919 2741 3987 mille
2799 3939 3276 4008 personarum,
3337 3921 3642 4011 quinque
3686 3919 3879 3986 mille
3922 3920 4087 4009 equi
4131 3933 4205 3988 et
4248 3922 4654 4009 quindecim

937 4027 1126 4096 mille
1157 4025 1433 4115 pedites
1461 4027 1753 4106 Turchi,
1787 4028 2113 4116 quodque
2141 4026 2391 4094 multas
2420 4028 2737 4094 talleatas
2768 4027 3181 4093 fortissimas
3212 4028 3534 4094 fecerant
3562 4028 3658 4094 ad
3686 4027 4013 4093 milliaria
4042 4028 4351 4117 trigenta
4397 4027 4653 4094 circum

937 4130 1133 4196 circa
1178 4129 1545 4196 Otrontam
1592 4149 1680 4194 ex
1724 4128 2042 4216 opposito
2089 4129 2273 4218 regis
2318 4127 2773 4208 Ferdinandi,
2822 4128 2942 4215 qui
2986 4127 3243 4193 dicitur
3285 4127 3536 4194 multas
3579 4139 3828 4218 gentes
3872 4147 4279 4215 preparasse
4323 4129 4410 4194 in
4442 4148 4653 4216 oppo-

844 4282 851 4289 -
944 4237 1149 4303 situm
1194 4246 1265 4302 et
1310 4254 1386 4302 se
1432 4257 1475 4302 a
1520 4236 1737 4302 latere
1782 4255 1906 4302 suo
1952 4256 2189 4302 versus
2235 4233 2634 4302 Calabriam
2681 4234 3092 4302 fortificasse
3139 4247 3209 4301 et
3252 4234 3595 4302 adunasse
3627 4234 3814 4301 forte
3846 4245 4125 4301 centum
4172 4235 4372 4302 mille
4416 4256 4650 4323 perso-

936 4363 1063 4409 nas
1107 4354 1179 4410 et
1223 4342 1625 4430 precepisse
1669 4343 1741 4408 in
1785 4342 2064 4432 agmine
2110 4361 2237 4408 suo
2280 4363 2493 4409 unum
2535 4340 2891 4409 hominem
2950 4361 3082 4428 pro
3142 4343 3309 4409 foco
3356 4360 3514 4408 com
3575 4341 3923 4429 stipendio
3983 4341 4391 4429 quindecim
4456 4341 4652 4409 carli-
4689 4338 4761 4406 35

936 4465 1181 4513 norum
1227 4445 1415 4512 omni
1458 4463 1697 4512 mense
1740 4464 1872 4531 pro
1919 4444 2197 4534 singulo
2241 4445 2501 4532 pedite.

1110 4547 1269 4615 Hoc
1315 4547 1600 4636 quidem
1661 4546 1777 4613 die
1840 4546 2104 4614 domini
2163 4547 2424 4613 antiani
2484 4544 2735 4613 Parme
2795 4544 3317 4627 ordinaverunt,
3379 4546 3570 4635 quod
3614 4545 3852 4614 omnia
3894 4545 4125 4613 hostia
4168 4546 4429 4614 civium
4471 4566 4647 4615 anno

935 4669 1137 4716 curso
1181 4659 1453 4717 murata
1498 4649 1574 4714 in
1621 4668 1819 4715 muro
1862 4646 2093 4735 platee
2139 4648 2603 4735 aperirentur.
3002 4729 3013 4741 ,

1110 4751 1330 4819 Sexto
1358 4762 1430 4818 et
1451 4750 1744 4838 septimo
1775 4749 2081 4819 octobris
2110 4750 2281 4817 1480
2303 4751 2376 4816 in
2400 4761 2608 4819 nocte
2638 4752 2923 4819 fuerunt
2953 4751 3293 4820 derobata
3337 4750 3787 4820 tabernacula
3831 4771 3989 4820 com
4031 4750 4355 4839 Corpore
4387 4749 4646 4821 domini

933 4856 1157 4926 nostri
1188 4856 1354 4945 Jesu
1384 4856 1648 4925 Christi
1692 4868 2103 4924 consecrato
2133 4856 2212 4922 in
2240 4856 2479 4924 multis
2523 4855 2838 4945 ecclesijs
2882 4856 3135 4925 Parme
3166 4869 3240 4924 et
3271 4858 3572 4924 maxime
3615 4858 3691 4924 in
3736 4857 4000 4925 Sancto
4044 4854 4384 4938 Antonio,
4417 4858 4494 4924 in
4534 4878 4644 4924 ec-
4685 4856 4758 4920 40

936 4964 1153 5031 clesia
1178 4964 1478 5033 fratrum
1500 4964 1590 5032 de
1612 4963 1956 5042 Carmelo,
1987 4962 2063 5029 in
2095 4962 2357 5030 Sancto
2393 4963 2752 5042 Gervasio,
2785 4963 2996 5051 inque
3028 4964 3182 5053 alijs
3211 4963 3497 5053 eclexijs
3529 4985 3819 5031 numero
3851 4975 4037 5032 octo.
4107 4962 4221 5031 Ob
4253 4964 4449 5053 quod
4479 4974 4644 5031 totta

932 5070 1183 5140 civitas
1227 5071 1504 5158 stupida
1550 5080 1721 5148 erat,
1765 5080 2082 5138 metuens
2113 5070 2421 5137 divinam
2453 5070 2788 5137 ultionem
2821 5082 2894 5137 et
2924 5071 3212 5160 aliquod
3242 5070 3551 5138 terribile
3585 5091 3797 5158 super
3827 5090 4064 5138 omnes
4098 5070 4413 5139 divinum
4455 5069 4635 5158 judi·

933 5177 1138 5247 cium.
1230 5176 1322 5244 Et
1367 5178 1530 5244 ideo
1574 5177 1666 5242 de
1709 5175 2036 5242 mandato
2080 5176 2646 5243 reverendissimi
2687 5176 2953 5244 domini
2995 5174 3389 5245 Parmensis
3435 5177 3756 5266 episcopi
3799 5188 3870 5245 et
3929 5177 4221 5245 aliorum
4275 5177 4642 5245 offitialium

939 5282 1134 5349 facta
1163 5282 1301 5350 fuit
1342 5282 1720 5370 pro'clama
1763 5282 2142 5368 publicum,
2175 5283 2364 5369 quod
2396 5282 2521 5370 qui
2552 5294 2911 5350 accusaret
2955 5283 3155 5351 talles
3197 5283 3593 5374 sacrilegos,
3640 5284 4030 5352 lucraretur
4075 5293 4359 5351 centum
4404 5301 4640 5350 aureos

936 5384 1290 5470 depositos
1334 5404 1554 5470 penes
1599 5382 2085 5451 Sebastianum
2128 5381 2611 5472 Bregonzium.
4677 5375 4748 5445 45

995 5560 1002 5568 ,
1103 5488 1324 5555 Aliud
1371 5491 1619 5555 mirum
1663 5491 1800 5556 hoc
1848 5501 2159 5575 tempore
2207 5490 2532 5577 apparuit
2572 5489 2989 5570 Mediolani,
3035 5492 3369 5559 videlicet
3411 5491 3700 5583 singulis
3746 5492 4070 5562 noctibus
4112 5490 4528 5560 videbantur
4567 5489 4637 5554 in

935 5588 1123 5656 aiere
1170 5591 1473 5677 desuper
1518 5601 1817 5656 castrum
1861 5590 2248 5657 Mediolani
2294 5591 2371 5656 in
2415 5592 2702 5659 modum
2749 5593 3040 5658 duarum
3085 5593 3323 5659 facum
3369 5594 3782 5685 ignitarum3
3833 5606 3905 5661 et
3951 5593 4113 5682 quia
4152 5590 4408 5683 juditia
4451 5590 4637 5658 huius

932 5694 1098 5760 anni
1145 5695 1326 5761 male
1391 5693 1847 5783 loquebantur
1904 5695 1992 5762 de
2051 5696 2488 5785 magnatibus
2532 5693 2921 5763 Mediolani
2969 5709 3038 5764 et
3084 5698 3448 5765 dicebatur
3492 5700 3639 5767 illic
3686 5701 3931 5769 adesse
3976 5701 4231 5766 multas
4273 5695 4635 5766 discensio-

932 5814 1086 5872 nes3
1131 5806 1508 5884 propterea
1552 5815 1788 5863 omnes
1833 5795 2094 5884 stupidi
2142 5808 2216 5862 et
2261 5795 2477 5885 dubij,
2524 5818 2609 5865 ac
2656 5798 2982 5865 timentes
3025 5810 3246 5881 erant,
3293 5822 3337 5867 a
3381 5821 3521 5887 quo
3565 5802 3754 5869 Deus
3797 5812 4090 5869 avertat.

1106 5901 1262 5971 Hoc
1308 5899 1443 5970 fuit
1486 5900 1913 5968 verificatum
1958 5901 2031 5967 in
2078 5902 2513 5988 depositione
2561 5903 2841 5972 domine
2887 5904 3183 5984 ducisse,
3244 5927 3380 5996 que
3443 5907 3825 5997 dedignata
3882 5907 4207 5975 discessit
4270 5926 4312 5974 e
4369 5903 4633 5974 Medio-
4670 5896 4744 5966 50

927 6007 1116 6089 lano,
1160 6016 1239 6076 ut
1283 6007 1604 6076 transiret
1645 6019 1935 6075 montes.
