4895 7066
511 1177 550 1209 C.
581 1174 696 1207 tov

462 4480 627 4534 Mun„
660 4479 737 4523 2⁶1

467 5996 508 6027 C·
537 5995 653 6027 81¹0

870 445 957 523 12
1165 550 1173 563 ι
2151 444 2632 528 CRONICA
2690 445 3273 528 GESTORUM
3744 455 3849 536 [Α.
3889 461 4051 522 14⁷7
4088 457 4583 535 giugno-luguo]

1788 609 3769 635 *mmmm-&00⁷--nmonm-mm-—n-w-mumna-W.-”-n-mm.m-—

849 716 1081 786 donec
1126 719 1331 787 solvit
1375 719 1764 806 portionem
1811 741 2001 786 suam
2047 718 2181 786 sibi
2228 728 2526 786 taxatam
2575 740 2705 807 pro
2751 718 3180 788 restitutione
3224 718 3600 788 sacomani.
3688 719 3771 786 In
3817 720 3962 787 eius
4007 721 4235 787 locum
4283 715 4586 785 intravit

849 843 1084 892 comes
1127 823 1605 891 Bartolameus
1650 825 2111 892 Zamfiliacius
2157 827 2216 893 F
2220 825 2618 904 lorentinus,
2663 836 2976 914 potestas
3020 838 3187 893 tunc
3232 824 3642 893 Mediolani.

1028 930 1187 999 Hoc
1232 930 1470 998 medio
1541 943 1902 998 contracta
1944 933 2080 998 fuit
2146 932 2533 1018 parentella
2578 944 2647 1000 et
2694 932 3054 1023 colligatio
3104 934 3290 999 inter
3341 931 3695 1000 dominam
3764 933 4109 1001 ducissam
4171 929 4584 1002 Mediolani

848 1050 917 1105 et
962 1038 1317 1105 dominum
1363 1037 1615 1105 ducem
1661 1038 1719 1104 F
1723 1038 1945 1105 erarie
2000 1038 2380 1104 Herculem
2442 1040 2583 1105 hoc
2645 1040 2875 1108 mode.
2967 1038 3481 1129 Primogenitus
3543 1041 3743 1107 ducis
3801 1042 3858 1106 F
3865 1040 4090 1108 erarie
4149 1038 4437 1125 accepit
4504 1037 4586 1102 in

847 1164 1136 1211 uxorem
1180 1142 1713 1233 primogenitam
1762 1145 2040 1211 domine
2087 1145 2363 1211 ducisse
2409 1145 2800 1211 Mediolani
2847 1157 2916 1212 et
2962 1143 3308 1213 Castrum'
3360 1167 3614 1213 novum
3678 1147 4155 1225 Terdonense‚
4203 1147 4396 1233 quod
4448 1144 4588 1211 da-
4675 1143 4709 1207 5

849 1262 991 1317 tum
1035 1251 1267 1318 fuerat
1313 1252 1596 1318 domino
1642 1251 1956 1318 Roberto
2002 1251 2076 1316 in
2121 1262 2342 1318 morte
2389 1250 2589 1318 ducis
2647 1252 2873 1343 Borsij
2937 1253 3262 1319 Extensis
3306 1274 3433 1339 per
3479 1254 3727 1321 ducem
3776 1254 4055 1338 Galeaz,
4103 1251 4238 1339 ipsi
4284 1251 4587 1318 domino

846 1357 1163 1426 Roberto
1210 1358 1535 1437 ablatum,
1579 1370 1658 1425 ut
1701 1379 1930 1444 supra,
1978 1358 2312 1424 donatum
2358 1358 2493 1426 fuit
2536 1358 2731 1426 dicto
2779 1359 3067 1427 domino
3116 1359 3283 1426 duci
3331 1360 3650 1440 Herculi;
3708 1361 3899 1449 quod
3960 1371 4178 1428 totum
4224 1358 4586 1446 processit

846 1466 1029 1531 ultra
1075 1487 1270 1552 spem
1317 1475 1387 1532 et
1433 1485 1589 1532 com
1637 1465 1878 1532 dolore
1925 1466 2267 1531 dictarum
2314 1464 2523 1531 trium
2569 1464 3048 1553 squadrarum‚
3095 1487 3233 1553 que
3295 1467 3723 1536 affectabant
3766 1469 3954 1534 hunc
4000 1467 4250 1533 ducem
4299 1466 4586 1531 Hercu-

847 1571 982 1638 lem
1030 1571 1185 1639 sore
1227 1582 1441 1638 status
1485 1570 1874 1637 Mediolani
1921 1568 2277 1637 inimicum
2324 1584 2394 1639 et
2438 1570 2514 1636 in
2560 1582 2780 1640 morte
2827 1572 2999 1640 dicti
3047 1572 3244 1640 ducis
3290 1572 3549 1641 Galeaz
3595 1573 3727 1642 sibi
3758 1573 4152 1642 obtulerant
4182 1571 4582 1641 dominium

846 1676 1121 1757 Parme,
1166 1678 1356 1766 quod
1401 1686 1766 1765 acceptare
1813 1678 2079 1747 nolluit.
4639 1678 4716 1741 10

1027 1782 1195 1852 Post
1236 1785 1371 1852 hec
1421 1784 1509 1851 de
1559 1782 1750 1852 dicto
1796 1806 2033 1854 mense
2079 1785 2246 1877 junij
2297 1786 2462 1853 anni
2519 1784 2709 1866 1477,
2757 1784 3041 1876 quidam
3088 1788 3312 1853 frater
3358 1786 3526 1853 dicti
3583 1784 3845 1855 domini
3876 1784 4158 1855 Obiecti
4207 1786 4298 1853 de
4330 1785 4581 1851 Flisco

849 1892 1186 1978 detempti
1207 1902 1281 1957 ut
1310 1912 1538 1977 supra,
1572 1891 1763 1958 facta
1796 1893 2341 1980 congregatione
2373 1893 2798 1980 permaxima
2827 1904 3351 1981 partesanorum
3384 1914 3662 1960 suorum
3695 1908 3766 1962 et
3793 1893 4276 1961 benivolorum
4301 1892 4370 1957 in
4399 1910 4582 1979 agro

844 1998 1177 2086 Januensi
1223 1999 1317 2065 ad
1362 2011 1661 2064 castrum
1706 2019 1902 2065 suum
1946 2000 2200 2067 Roche
2247 1999 2589 2079 Talleate,
2650 2013 2866 2067 totam
2930 1999 3280 2067 civitatem
3338 2001 3566 2088 Janue
3612 2001 3966 2079 subvertit,
4015 2001 4108 2067 ad
4164 2020 4371 2088 quam
4439 2000 4577 2064 do-

846 2105 1037 2170 mina
1079 2106 1360 2171 ducissa
1405 2103 1790 2172 Mediolani
1837 2106 2084 2173 multas
2129 2105 2539 2173 transmissit
2581 2116 2829 2195 gentes
2892 2119 2962 2174 et
3022 2107 3245 2195 ipsam
3306 2108 3655 2174 civitatem
3712 2108 3935 2196 Janue
3990 2106 4290 2194 pacavit,
4339 2105 4577 2171 muni-

846 2212 1080 2301 vitque
1129 2210 1395 2279 dictum
1445 2223 1741 2278 castrum
1788 2212 2042 2280 Roche
2090 2212 2404 2279 Talleate
2452 2224 2521 2280 et
2567 2213 2715 2279 eius
2758 2214 3043 2299 plenum
3090 2212 3329 2280 habuit
3375 2214 3778 2281 dominium.
4631 2210 4704 2274 15

1031 2319 1187 2387 Hoc
1234 2319 1439 2385 etiam
1486 2331 1802 2406 tempore
1849 2317 2160 2387 Sevizari
2207 2319 2584 2386 existentes
2627 2341 2836 2406 supra
2880 2320 3356 2386 Bellinzonam
3402 2343 3596 2387 arma
3643 2332 3983 2408 ceperunt
4029 2332 4271 2389 contra
4316 2329 4580 2387 statum

842 2424 1245 2505 Mediolani,
1292 2423 1380 2491 ab
1426 2426 1581 2513 ipso
1627 2437 1811 2493 statu
1855 2426 2071 2492 multa
2115 2437 2458 2512 petentes,
2505 2426 2797 2493 maxime
2846 2427 3037 2513 quod
3082 2424 3173 2492 ab
3218 2426 3401 2493 duce
3435 2427 3694 2494 Galeaz
3723 2427 4221 2515 inmercantijs
4250 2427 4581 2492 damnifi-

792 2583 799 2589 .
848 2531 988 2599 cati
1033 2532 1318 2599 fuerant
1382 2533 1477 2599 ad
1543 2533 1767 2599 feram
1813 2530 2108 2610 Arrone,
2177 2534 2314 2599 hoc
2384 2533 2710 2598 damnum
2755 2544 3176 2620 repetentes.
3269 2533 3586 2600 Tandem
3648 2534 3753 2600 eis
3814 2534 3960 2603 dati
4021 2546 4181 2600 sunt
4238 2552 4368 2620 pro
4417 2533 4579 2617 ipso

850 2638 1105 2705 damno
1152 2638 1352 2706 multi
1400 2639 1592 2706 aurei
1639 2649 1710 2706 et
1755 2640 2160 2730 juraverunt
2201 2658 2450 2726 pacem
2494 2659 2626 2726 per
2670 2659 2890 2706 annos
2936 2638 3261 2726 quinque,
3310 2640 3549 2728 sicque
3614 2639 3702 2708 ab
3764 2638 4270 2708 offensionibus
4332 2659 4577 2706 reces-

849 2756 1105 2813 serunt.
4622 2747 4707 2809 20

1025 2852 1133 2920 De
1183 2853 1373 2920 dicto
1419 2873 1656 2920 mense
1699 2852 1875 2945 junij
1923 2851 2108 2942 annij
2166 2851 2329 2924 1477
2381 2854 2653 2940 Gaspar
2699 2853 2789 2920 de
2836 2852 3048 2919 Plaza
3096 2853 3272 2920 civis
3302 2853 3572 2933 Parme,
3605 2854 3832 2921 dictus
3864 2855 4196 2935 Zafonus,
4230 2873 4318 2920 ex
4348 2852 4579 2920 tribus

846 2961 1188 3048 squadris,
1235 2958 1355 3048 qui
1404 2960 1634 3027 fuerat
1678 2981 1856 3026 unus
1903 2982 1991 3027 ex
2038 2960 2476 3046 caporalibus
2521 2960 2826 3046 ipsarum
2873 2960 3080 3031 trium
3127 2960 3584 3048 squadrarum
3631 2975 3703 3029 et
3748 2983 3824 3028 se
3871 2961 4053 3027 male
4086 2975 4155 3028 et
4184 2961 4578 3047 partialiter

848 3080 1178 3156 gesserat,
1226 3077 1512 3154 eratque
1559 3078 1725 3134 tunc
1771 3067 2102 3154 temporis
2147 3066 2462 3133 officialis
2507 3067 2922 3134 bulletarum
2967 3066 3239 3147 Parme,
3286 3088 3534 3157 capsus
3578 3067 3717 3134 fuit
3761 3068 3851 3135 ab
3898 3069 4056 3156 ipso
4119 3067 4346 3134 officio
4410 3086 4577 3132 com

846 3196 972 3242 suo
1019 3175 1401 3253 dedecore3
1452 3185 1521 3240 et
1565 3174 1713 3240 eius
1758 3174 1919 3241 loco
1965 3174 2300 3242 successit
2346 3173 2668 3242 dominus
2712 3173 3018 3240 Zaninus
3063 3173 3401 3241 Barbatus
3448 3176 3537 3242 de
3581 3173 4012 3256 MediolanO,
4066 3176 4278 3242 homo
4332 3194 4575 3262 sagax,

847 3280 1018 3372 vigil
1066 3295 1137 3349 et
1180 3292 1433 3348 rectus.
4622 3274 4702 3342 25

1018 3389 1126 3456 De
1172 3407 1409 3456 mense
1452 3386 1622 3479 jullij
1670 3399 1914 3474 postea
1958 3400 2204 3476 sequto
2251 3386 2423 3455 dicti
2468 3388 2631 3454 anni
2705 3386 2869 3459 1477
2920 3407 3079 3453 cum
3139 3407 3251 3454 res
3298 3375 3767 3455 Parmensium
3827 3409 3902 3456 se
3962 3387 4142 3453 male
4204 3387 4575 3464 haberent,

846 3496 1172 3585 quoniam
1202 3516 1342 3584 pax
1372 3496 1564 3563 facta
1592 3494 1848 3563 violata
1879 3506 2029 3562 erat
2058 3507 2129 3563 et
2160 3507 2301 3563 tres
2330 3496 2629 3584 squadre
2663 3494 3007 3584 quottidie
3040 3495 3372 3564 adversus
3394 3495 3685 3563 Rubeos
3714 3495 3978 3585 aliquid
4008 3494 4476 3563 moliebantur
4505 3505 4580 3561 et

858 3604 1107 3672 multos
1149 3602 1511 3684 robabant,
1557 3603 2021 3671 verberabant
2067 3615 2136 3670 et
2183 3603 2666 3684 vulnerabant,
2713 3624 2845 3670 nec
2890 3605 3000 3694 jus
3046 3602 3332 3691 aliquod
3375 3603 3448 3669 in
3495 3604 3772 3670 civitate
3817 3601 4078 3682 fiebat,'
4121 3605 4369 3694 jusque
4419 3614 4577 3667 erat

846 3709 921 3777 in
966 3710 1177 3777 armis
1222 3721 1294 3776 et
1334 3710 1762 3798 potentiores
1804 3708 2279 3797 prevalebant,
2339 3711 2625 3777 domina
2669 3709 2944 3777 ducissa
2987 3710 3267 3778 vocavit
3311 3710 3404 3776 ad
3449 3733 3522 3778 se
3572 3710 3933 3798 caporales
3965 3710 4305 3776 dictarum
4353 3707 4570 3775 trium

844 3819 1323 3906 squadrarum‚
1373 3817 1491 3906 qui
1533 3816 1871 3907 justitiam
1918 3828 2163 3884 contra
2206 3836 2285 3883 se
2330 3817 2481 3884 fieri
2526 3818 2871 3896 timentes,
2919 3817 3011 3883 ad
3055 3837 3208 3882 eam
3255 3815 3357 3881 ire
3403 3827 3829 3896 recusarunt,
3876 3817 4002 3885 sed
4048 3815 4122 3880 in
4167 3816 4316 3882 dies
4345 3815 4573 3903 magis
4617 3813 4702 3877 30

846 3937 1090 3993 contra
1136 3936 1384 3992 statum
1433 3922 1690 3992 fiebant
1735 3923 2198 3992 ardentiores:
2251 3946 2338 3991 ex
2382 3946 2522 4012 quo
2568 3923 2805 3992 Rubei
2849 3926 3099 3991 iterum
3145 3943 3305 3999 com,
3348 3923 3550 3991 bonis
3596 3924 3738 3990 suis
3785 3925 3876 3991 de
3923 3923 4206 3990 civitate
4269 3921 4569 3989 recede-

843 4030 1033 4112 bant,
1082 4053 1214 4099 nec
1260 4031 1588 4098 victualia
1632 4052 1756 4097 sua
1800 4030 1873 4095 in
1919 4029 2204 4097 civitate
2250 4030 2761 4099 conducebant.

1020 4138 1227 4206 Circa
1271 4137 1478 4205 finem
1526 4137 1698 4205 dicti
1741 4137 1997 4204 mensis
2039 4137 2208 4228 junij
2259 4138 2424 4202 anni
2481 4135 2644 4208 1477
2694 4137 3053 4206 Lucenses
3096 4161 3289 4206 arma
3335 4149 3672 4226 ceperunt
3715 4150 3960 4205 contra
3991 4148 4290 4204 castrum
4320 4135 4572 4203 Petre-

844 4258 1085 4312 sancte
1129 4245 1474 4312 Lunensis
1519 4243 1843 4324 diocesis,
1891 4244 2081 4332 quod
2127 4243 2494 4311 tenebatur
2538 4265 2668 4331 per
2707 4245 3097 4333 Januenses
3140 4259 3210 4313 et
3252 4246 3429 4312 illud
3476 4257 3788 4312 emerant
3834 4267 3877 4311 a
3922 4245 4274 4332 quondam
4339 4242 4573 4310 domi-

842 4372 934 4418 no
978 4352 1348 4431 Lucarum,
1394 4351 1469 4417 in
1512 4371 1869 4417 sucursum
1917 4370 2206 4438 quorum
2248 4350 2699 4438 Januensium
2748 4351 3032 4418 domina
3079 4352 3356 4420 ducissa
3399 4350 3792 4418 Mediolani
3836 4351 4053 4417 missit
4097 4351 4349 4416 multas
4391 4370 4569 4438 gen-
4615 4347 4694 4413 35

847 4471 973 4526 tes.
1065 4458 1211 4525 Sed
1256 4470 1463 4526 antea
1508 4456 1778 4526 Lucani
1825 4455 2069 4523 vineas
2114 4469 2185 4524 et
2232 4454 2454 4523 olivas
2499 4456 2686 4523 illius
2717 4457 2857 4523 loci
2889 4468 3400 4545 guastaverant.
3490 4455 3841 4523 Tandem'
3885 4479 4035 4544 pax
4078 4458 4263 4523 inter
4304 4468 4571 4523 utram—

844 4589 978 4655 que
1021 4578 1289 4652 partem
1333 4577 1578 4652 sequta
1624 4577 1726 4631 est
1772 4577 1842 4630 et
1885 4562 2154 4629 Lucani
2202 4582 2358 4630 com
2404 4563 2702 4630 maximo
2749 4583 2988 4630 eorum
3034 4565 3289 4631 damno
3336 4563 3425 4629 ab
3470 4563 3883 4631 obscidione
3929 4573 4386 4630 recesserunt.

1019 4673 1183 4741 Fuit
1226 4670 1434 4739 etiam
1479 4673 1617 4739 hoc
1666 4684 1980 4758 tempore
2024 4669 2295 4736 novitas
2338 4669 2414 4735 in
2461 4690 2631 4760 agro
2665 4670 2984 4738 Senensi.
3075 4671 3258 4737 Nam
3291 4690 3528 4738 comes
3558 4670 3874 4738 Carollus
3906 4672 3996 4738 de
4027 4670 4375 4738 Montono
4407 4689 4568 4735 com

844 4800 1100 4870 magno
1148 4780 1458 4847 exercitu
1506 4791 1577 4847 et
1619 4789 1696 4844 ut
1740 4776 2119 4856 ferebatur,
2169 4783 2268 4843 ex‘
2303 4776 2744 4843 ordinatione
2793 4789 2864 4843 et
2908 4798 3062 4844 com
3110 4777 3401 4844 brachio
3448 4777 4028 4856 Florentinorum,
4075 4776 4294 4842 multa
4355 4777 4570 4863 opida

843 4886 1250 4955 Senensium
1296 4883 1747 4974 oppugnavit.
1840 4883 1949 4949 Ex
1994 4883 2318 4969 opposito
2366 4882 2737 4950 insurrexit
2781 4882 2924 4949 dux
2967 4882 3245 4964 Urbini,
3293 4884 3415 4971 qui
3448 4884 3707 4950 dictum
3741 4884 4067 4950 comitem
4101 4882 4412 4970 expullit,
4449 4904 4569 4948 ca·
4616 4883 4697 4947 40

840 5006 984 5062 stra
1028 4995 1217 5063 victa
1262 5008 1333 5061 et
1378 4977 1781 5080 expugnata
1815 4990 2238 5057 Senensibus
2297 4989 2614 5058 restituit.
2691 4983 2956 5058 'Postea
3016 4992 3111 5058 ad
3172 5002 3472 5057 castrum
3529 4991 3891 5068 Montoni‚
3955 4988 4450 5058 validissimum
4496 5002 4569 5055 et

848 5099 1446 5189 opulentissimum
1494 5095 1876 5165 exercitum
1923 5118 2118 5162 suum
2165 5098 2398 5184 posuit
2447 5110 2518 5164 et
2562 5097 2633 5163 vi
2677 5097 2997 5166 obtinuit.
3087 5098 3336 5165 Dictus
3379 5120 3549 5167 vero
3611 5119 3846 5164 comes
3892 5096 4186 5164 Carolus
4231 5096 4569 5164 Venetias

840 5211 1206 5298 profectus
1250 5219 1375 5286 est,
1425 5206 1814 5273 conductus
1859 5227 1903 5270 a
1947 5203 2242 5272 Venetis
2286 5218 2531 5271 contra
2573 5205 2927 5272 Teucrum
2975 5204 3075 5272 eis
3119 5226 3403 5294 gueram
3464 5206 3540 5271 in
3603 5203 3964 5295 Forojullij
4015 5204 4511 5270 cominantem.

1018 5317 1117 5384 Ut
1163 5325 1395 5382 autem
1443 5313 1728 5379 domina
1775 5309 2056 5381 ducissa
2099 5309 2485 5378 Mediolani
2528 5311 2866 5399 promissa
2909 5310 3182 5379 Rubeis
3245 5311 3647 5379 observaret
3707 5313 3899 5378 circa
3958 5312 4302 5378 bonorum
4365 5329 4566 5377 saco-

844 5436 1275 5490 manatorum
1319 5419 1843 5498 restitutionem,
1890 5418 1981 5484 de
2029 5438 2267 5484 mense
2312 5418 2485 5509 jullij
2537 5419 2711 5512 dicti
2757 5419 2921 5485 anni
2977 5418 3139 5491 1477
3191 5417 3405 5485 missit
3450 5419 3771 5486 Parmam
3818 5416 4270 5504 spectabilem
4318 5419 4564 5484 docto·
4612 5415 4691 5483 45

843 5553 991 5599 rem
1038 5531 1391 5597 dominum
1436 5525 1789 5594 Brandam
1836 5527 1927 5595 de
1975 5525 2362 5593 Castiliono
2406 5524 3009 5593 Mediolanensem
3056 5547 3212 5595 com
3258 5526 3490 5613 ampla
3549 5525 4039 5593 commissione
4100 5524 4565 5613 investigandi

840 5651 912 5707 et
956 5635 1224 5705 restitui
1267 5633 1583 5701 faciendi
1629 5632 1817 5700 bona
1876 5644 2337 5701 sacomanata.
2431 5633 2574 5714 Qui
2636 5633 3027 5702 immediate
3092 5632 3447 5720 publicum
3506 5633 3872 5719 proclama
3932 5633 4308 5711 mandavit,
4372 5634 4562 5720 quod

848 5743 1160 5834 quilibet,
1208 5740 1324 5832 qui
1370 5762 1459 5810 ex
1518 5740 1723 5808 bonis
1765 5740 2103 5829 predictis
2146 5740 2520 5819 habuisset,
2569 5740 2757 5807 infra
2801 5752 2965 5807 octo
3014 5740 3162 5807 dies
3208 5740 3330 5806 illa
3375 5740 3775 5808 restitueret
3803 5740 3930 5807 sub
3963 5761 4146 5827 pena
4175 5740 4559 5807 furcarum.

843 5852 1059 5932 Quod
1102 5852 1459 5939 proclama
1505 5847 1684 5916 nihil
1729 5849 2070 5939 profecit3
2120 5847 2344 5914 nullus
2388 5858 2620 5915 autem
2666 5847 2886 5914 voluit
2930 5846 3312 5927 restituere,
3366 5868 3498 5914 nec
3561 5848 3996 5927 denuntiare,
4048 5849 4388 5936 parvique
4452 5849 4561 5913 fa-

841 5958 1121 6028 ciebant
1167 5958 1392 6045 ipsum
1440 5968 1512 6025 et
1557 5954 2140 6044 proclamationes
2183 5976 2362 6022 suas.
2454 5955 2555 6023 Ut
2599 5965 2826 6022 autem
2871 5956 2962 6021 he
3010 5966 3152 6022 tres
3195 5953 3493 6043 squadre
3539 5953 3856 6022 timorem
3903 5953 4400 6043 imponerentst
4446 5975 4561 6021 or·
4606 5952 4689 6021 50
