4895 7066
191 545 276 620 [A.
314 543 469 603 1482
507 542 857 612 dieembre]
1407 523 1521 605 IN
1574 525 2089 604 PARTIBUS
2144 524 2782 601 LOMBARDIE
3720 515 3863 597 119

342 771 663 856 Secundo
711 786 1109 855 decembris
1141 798 1385 873 captus
1414 786 1546 852 fuit
1575 787 1647 850 in
1680 786 1845 851 villa
1876 785 2130 851 Boschi
2164 785 2445 870 quidam
2482 782 2842 850 Nicollaus
2869 782 3217 849 Lucianus
3249 783 3338 849 de
3370 784 3671 863 Bosch0,
3702 786 3875 852 alias

192 897 419 986 pn'mus
476 893 902 960 camerarius
946 905 1016 960 et
1061 894 1380 959 schalcus
1425 891 1694 959 domini
1756 889 2161 957 Petrimarie
2207 890 2298 956 de
2345 888 2638 967 Rubeis,
2685 887 2806 975 qui
2851 899 3164 974 tempore
3213 888 3350 954 vite
3393 890 3699 974 prefacti
3743 891 3870 957 do·

192 1002 334 1069 mini
372 999 780 1068 Petrimarie
829 997 917 1066 ab
964 1020 1051 1065 eo
1097 1010 1175 1064 ut
1219 998 1467 1065 fidatus
1512 997 1761 1064 missus
1807 997 2036 1062 fuerat
2065 997 2290 1084 Janue
2320 1015 2451 1081 pro
2481 993 2792 1082 pecuniis
2823 993 3161 1060 habendis
3195 1006 3265 1060 et
3293 995 3370 1059 in
3399 1007 3623 1063 morte
3657 1018 3783 1064 sua
3827 1020 3870 1063 a

194 1112 306 1177 fide
348 1107 655 1175 deviavit
701 1117 773 1174 et
817 1125 893 1172 se
940 1105 1216 1171 adhesit
1258 1104 1637 1171 Beltrando
1667 1103 2007 1191 previgno
2040 1124 2166 1170 suo
2198 1103 2498 1179 Berceti,
2530 1122 2745 1188 seque
2774 1100 3180 1168 intromissit
3209 1099 3278 1166 in
3310 1103 3585 1187 perdita
3615 1103 3878 1170 Boschi

133 1219 160 1284 5
196 1230 252 1284 et
288 1213 808 1291 Roehefemie,
854 1211 1206 1297 multaque
1254 1211 1392 1277 alia
1434 1212 1620 1276 mala
1661 1209 2091 1296 perpetravit
2136 1220 2207 1276 et
2251 1210 2323 1275 in
2368 1207 2628 1298 glareis
2672 1208 2970 1273 fluminis
3017 1205 3266 1274 Parme
3318 1208 3410 1275 ad
3472 1210 3706 1277 furcas
3752 1232 3875 1297 ap-

195 1342 415 1411 pensus
459 1321 614 1399 fuit,
663 1319 1055 1387 confiscatis
1100 1317 1417 1384 omnibus
1463 1316 1664 1383 bonis
1708 1317 1870 1383 suis.

346 1429 614 1496 Octavo
664 1425 1055 1493 decembris
1099 1435 1343 1515 gentes
1386 1423 1738 1513 magnifici
1784 1423 2047 1490 domini
2111 1423 2456 1491 Guidonis
2501 1422 2738 1490 Rubei
2782 1422 3214 1489 intraverunt
3256 1423 3332 1488 in
3376 1423 3618 1490 circha
3665 1425 3872 1492 castri

199 1536 405 1604 Sancti
448 1533 736 1600 Andree
782 1544 852 1598 et
894 1530 1087 1598 illam
1134 1552 1261 1617 per
1310 1531 1496 1597 diem
1541 1549 1749 1597 unam
1821 1542 1890 1595 et
1951 1553 2157 1597 unam
2204 1542 2484 1597 noctem
2532 1541 2936 1601 tenuerunt:
2984 1529 3112 1595 sed
3167 1528 3598 1596 venientibus
3641 1530 3875 1598 multis

196 1641 485 1732 gentibus
528 1641 622 1706 de
669 1639 992 1706 Varrano
1038 1637 1624 1706 Pallavicinorum
1672 1640 1967 1706 cohacte
2010 1648 2168 1703 sunt
2211 1637 2432 1722 ipsam
2481 1637 2786 1702 circham
2836 1635 3170 1723 linquere.

112 1755 168 1818 10
348 1746 895 1828 Quartodecimo
939 1742 1332 1811 decembris
1375 1746 1552 1811 hora
1593 1744 2141 1834 vigesimatertia
2201 1731 2527 1830 apparuit
2574 1744 2642 1808 in
2691 1741 3047 1809 Parmensi
3093 1741 3297 1810 stella
3342 1744 3601 1811 cadens
3646 1745 3882 1833 magni

199 1856 481 1948 fulgoris,
528 1875 688 1922 com
737 1865 1132 1931 terremoto‚
1179 1853 1333 1917 sine
1378 1851 1662 1930 tronitu‚
1709 1852 1895 1919 aiere
1944 1852 2136 1920 claro
2185 1864 2255 1917 et
2298 1871 2566 1917 sereno.
2657 1850 2907 1917 Postea
2951 1851 3140 1916 infra
3183 1871 3444 1938 paucos
3498 1850 3655 1918 dies
3700 1873 3880 1917 mar-

201 1966 338 2032 chio
378 1961 903 2029 Montisferrati
948 1961 1166 2025 vitam
1212 1958 1457 2025 finivit.

347 2070 479 2136 Die
524 2067 1002 2154 suprascripta
1064 2066 1588 2153 quartadecima
1649 2067 1969 2133 dominus
2031 2066 2381 2153 Johannes
2439 2067 2715 2131 Zuchus
2761 2065 3268 2144 Cremonensis,
3314 2066 3599 2132 multum
3645 2066 3889 2133 favens

202 2175 621 2243 Pallavicinis
670 2186 742 2241 et
786 2172 1193 2241 Rubeorum
1226 2172 1574 2251 inimicus,
1610 2171 1925 2240 febribus
1968 2172 2045 2237 in
2078 2172 2348 2250 Parma,
2382 2172 2547 2237 dum
2577 2171 2678 2236 ibi
2710 2183 2889 2238 esset
2923 2171 3430 2238 commissarius
3462 2185 3532 2239 et
3560 2182 3889 2258 potestas,

114 2287 169 2352 15
205 2285 363 2351 diem
405 2304 598 2348 suum
647 2280 916 2348 clauxit
962 2291 1369 2358 extremum,
1416 2279 1615 2345 cuius
1675 2280 1979 2346 cadaver
2041 2279 2347 2345 delatum
2411 2290 2516 2344 est
2577 2278 2922 2346 Cremone
2987 2290 3057 2346 et
3117 2278 3262 2346 eius
3307 2279 3733 2366 epitaphium
3789 2289 3892 2344 est

207 2389 367 2468 mlle,
411 2387 811 2455 videllicet:

1075 2580 1223 2648 IIic
1263 2579 1585 2648 scelerate
1605 2581 1793 2668 jace,
1836 2580 2089 2665 genuit
2130 2599 2326 2667 quem
2369 2578 2664 2667 pulchra
2711 2577 3063 2644 Cremona.

1167 2687 1423 2755 Attulit
1465 2696 1833 2753 extremam
1875 2687 1999 2750 sed
2038 2686 2168 2751 tibi
2207 2687 2480 2753 Parma
2523 2685 2721 2751 diem.

1089 2793 1189 2861 Te
1230 2802 1427 2859 vocat
1470 2792 1757 2882 Inferni
1795 2791 2112 2857 oradellis
2155 2790 2356 2857 turba
2401 2800 2768 2858 nocentem.

115 2907 179 2970 20
1176 2899 1276 2967 Te
1320 2909 1515 2966 vocat
1558 2920 1707 2966 ecce
1748 2896 2029 2964 sathan.
2086 2897 2188 2964 Te
2232 2906 2429 2964 vocat
2474 2919 2623 2964 ecce
2671 2896 2963 2964 Charon.

1081 3006 1246 3073 Hac
1289 3008 1364 3072 in
1409 3005 1629 3072 tomba
1651 3006 1851 3093 jacet
1894 3004 2279 3070 Zuchorum
2321 3012 2539 3092 gente
2584 2999 2957 3086 Johannes.

1163 3112 1473 3202 Occupat
1517 3108 1878 3200 Infernum
1921 3111 2213 3199 sptb‘itus
2257 3110 2374 3177 ille
2418 3112 2655 3178 malus·

218 3345 387 3412 Loco
431 3344 622 3411 cuius
667 3343 861 3410 venit
906 3342 981 3408 in
1025 3340 1278 3407 Parma
1321 3360 1450 3427 pro
1494 3339 1960 3428 gubernatore
2023 3338 2346 3406 dominus
2408 3338 2656 3405 Petrus
2720 3339 2808 3406 de
2868 3338 3272 3406 Landriano
3321 3340 3409 3406 de
3473 3338 3902 3419 Mediolano,

222 3451 369 3518 alias
408 3451 731 3519 dominus
774 3448 1173 3526 Callestani,
1218 3466 1396 3512 unus
1442 3446 1533 3512 de
1580 3445 1893 3513 consillio
1926 3456 2162 3512 statuS.

122 3558 185 3623 25
371 3559 520 3627 Hoc
567 3571 886 3645 tempore
935 3576 1089 3622 cum
1138 3556 1277 3621 dux
1322 3553 1676 3622 Callabrie
1722 3553 2089 3620 infestaret
2136 3573 2474 3619 summum
2521 3555 2925 3641 pontificem
2973 3556 3210 3622 circha
3255 3557 3574 3636 Romam,
3607 3576 3745 3623 non
3780 3554 3903 3621 ob-

221 3678 413 3734 stante
455 3664 791 3733 conflictu
833 3664 941 3729 his
986 3661 1323 3750 proximis
1372 3660 1621 3728 diebus
1668 3660 1927 3738 habito,
1977 3660 2156 3727 inter
2204 3680 2322 3726 eos
2370 3660 2563 3729 facta
2625 3661 2761 3728 fuit
2821 3674 3087 3750 treuga,
3133 3674 3212 3729 ut
3255 3661 3509 3732 dicitur
3568 3662 3698 3729 sub
3744 3663 3907 3729 ficto

220 3773 453 3842 collore
495 3771 721 3858 pacis,
769 3792 857 3836 ne
905 3769 1228 3836 Ecclesia
1273 3768 1778 3835 damnificetur.

370 3879 664 3977 Decimo
712 3889 966 3945 octavo
1014 3874 1406 3942 decembris
1448 3872 1803 3960 publicata
1848 3873 1985 3939 fuit
2028 3874 2103 3939 in
2151 3873 2400 3941 Parma
2446 3886 2518 3940 et
2564 3886 2739 3944 totto
2772 3875 3081 3943 dominio
3116 3876 3399 3957 ducalli,
3447 3877 3586 3967 liga
3628 3889 3700 3944 et
3745 3899 3911 3945 con-

221 3986 532 4053 federatio
580 3985 768 4050 inter
813 4005 1150 4049 summum
1193 3980 1596 4068 pontificem
1645 3992 1716 4046 et
1760 4000 1998 4069 regem
2047 3981 2584 4060 Ferdinandum,
2634 3982 2754 4070 qui
2816 3984 2953 4048 hoc
3016 4004 3198 4049 anno
3261 3984 3475 4050 multa
3535 3984 3760 4068 prelia
3824 3982 3914 4049 ad

134 4094 189 4157 30
223 4089 525 4158 invicem'
557 4089 948 4156 habuerunt
980 4101 1052 4156 et
1080 4087 1373 4175 proinde
1403 4088 1597 4153 facta
1628 4098 1786 4153 sunt
1817 4088 2020 4165 festa,
2052 4087 2534 4173 processiones
2565 4100 2636 4154 et
2667 4086 2955 4155 fallodia
2983 4090 3056 4154 in
3090 4101 3262 4156 totto
3288 4089 3549 4156 ducalli
3576 4089 3904 4157 dominio.

224 4199 312 4263 De
356 4218 491 4284 quo
536 4209 678 4264 tres
722 4196 1026 4282 squadre
1072 4194 1483 4260 Parmenses
1512 4193 1797 4259 multum
1858 4204 2017 4258 sunt
2075 4194 2303 4260 letate.
2396 4194 2487 4260 Et
2545 4194 2927 4261 inmediate
2991 4194 3183 4282 capti
3244 4209 3404 4263 sunt
3462 4196 3660 4264 multi
3727 4197 3919 4264 cives

225 4305 301 4370 de
340 4304 638 4392 squadra
682 4301 937 4370 Rubea
984 4313 1055 4368 et
1100 4301 1463 4378 carcerati,
1508 4312 1586 4366 ut
1630 4300 1899 4367 solvant
1943 4299 2306 4366 collectam
2353 4301 2489 4366 illis
2537 4300 2959 4387 impositam,
3005 4323 3145 4370 non
3193 4302 3623 4369 obstantibus
3669 4303 3913 4370 litteris

226 4409 433 4493 pxidie
478 4410 551 4474 in
596 4407 1020 4475 contrarium
1067 4406 1387 4492 scriptis3
1436 4418 1508 4472 et
1555 4406 1748 4472 multi
1798 4406 1918 4492 qui
1968 4426 2043 4472 se
2093 4418 2625 4492 composuerant
2657 4418 2727 4473 et
2758 4405 3128 4486 solverant,
3177 4407 3370 4473 missi
3403 4410 3661 4476 suntin
3694 4410 3911 4476 confi-

229 4515 408 4582 nibus
448 4516 523 4581 in
569 4513 868 4582 diversis
913 4513 1106 4579 locis.
1199 4512 1431 4580 Etiam
1494 4512 1690 4579 multi
1752 4510 2119 4599 presbiteri
2166 4513 2492 4580 confinati
2547 4525 2707 4580 sunt
2769 4514 2857 4580 de
2920 4514 3224 4600 squadra
3276 4514 3549 4583 Rubea.
3640 4516 3723 4581 In
3784 4537 3923 4603 qua

135 4618 195 4681 35
235 4621 489 4705 quidem
534 4618 989 4708 colligatione
1037 4618 1483 4705 reperiuntur
1530 4638 1768 4684 omnes
1817 4617 2083 4685 domini
2131 4631 2202 4685 et
2245 4629 2646 4704 potentatus
2692 4618 2892 4684 Italie
2940 4629 3184 4684 contra
3230 4618 3559 4700 Venetos,
3608 4622 3921 4708 exceptis

232 4724 636 4794 Lucensibus
682 4737 756 4792 et
799 4722 1284 4812 Januensibus.

389 4833 535 4899 Hac
583 4831 702 4897 die
749 4842 1087 4897 venerunt
1132 4850 1334 4908 nova,
1382 4831 1704 4916 qualliter
1752 4851 1986 4897 comes
2031 4830 2345 4917 Filippus
2391 4831 2896 4920 primogenitus
2940 4830 3293 4919 magnifici
3341 4833 3604 4899 domini
3651 4835 3916 4902 Guido-

236 4939 327 5005 nis
367 4938 610 5018 Rubei,
658 4936 781 5025 qui
825 4936 1211 5004 Mediolani
1261 4938 1461 5003 datus
1506 4937 1739 5004 fuerat
1787 4937 2009 5016 obses
2056 4937 2295 5004 volens
2341 4938 2589 5024 fugere
2635 4939 2728 5004 ad
2775 4938 3111 5017 Venetos,
3160 4939 3322 5004 dum
3390 4952 3568 5007 esset
3613 4940 3684 5005 in
3729 4953 3916 5008 tran-

236 5045 386 5111 situs
410 5043 662 5113 Abdue
708 5063 929 5130 prope
973 5043 1369 5110 Bremidam
1417 5044 1826 5124 travestitus,
1877 5056 2119 5131 captus
2166 5045 2393 5111 fuerat
2436 5056 2507 5110 et
2551 5045 2802 5111 ductus
2847 5044 3345 5124 Mediolanum,
3393 5066 3478 5112 ac
3526 5062 3922 5116 carceratus

143 5150 205 5213 40
240 5150 298 5215 in
340 5162 576 5218 castro.
675 5149 890 5228 Quod
935 5148 1362 5236 persentiens
1405 5162 1626 5237 pater,
1672 5163 1749 5216 ut
1793 5151 1999 5216 fidem
2047 5171 2237 5215 suam
2285 5151 2549 5216 firmam
2595 5150 2886 5217 Venetis
2931 5163 3362 5232 monstraret,
3395 5152 3564 5219 licet
3595 5155 3925 5222 cohactus

241 5259 321 5323 ad
358 5280 597 5344 pacem
648 5257 1031 5334 devenerit,
1079 5275 1168 5322 ne
1216 5256 1547 5322 Sanctum
1594 5256 1993 5323 Secundum
2037 5255 2365 5342 perderet
2399 5268 2470 5321 et
2501 5257 2663 5344 quia
2709 5269 2923 5323 status
2968 5256 3355 5323 Mediolani
3399 5259 3472 5324 in
3519 5260 3750 5328 multis
3792 5263 3926 5330 sibi

246 5383 281 5428 a
319 5364 439 5431 fide
482 5362 765 5440 defecit,
813 5383 1162 5448 nonquam
1211 5364 1449 5429 volens
1496 5362 1686 5428 dicto
1733 5363 1968 5430 comiti
2015 5362 2290 5448 Filippo
2323 5361 2744 5446 stipendium
2791 5363 3199 5449 promissum
3248 5363 3439 5443 dare,
3503 5385 3641 5432 non
3687 5371 3923 5435 remit-

245 5480 377 5536 tens
415 5471 696 5537 militem
729 5470 818 5535 de
851 5468 1186 5556 Scipiono
1218 5469 1309 5535 ad
1340 5468 1667 5555 pristinos
1699 5488 2040 5548 carceres,
2070 5468 2209 5556 jam
2240 5466 2580 5534 innovans
2610 5468 3060 5536 soluctionem
3092 5469 3279 5535 sallis
3310 5483 3380 5537 et
3409 5482 3725 5539 taxarum
3757 5497 3927 5542 con-

247 5587 339 5642 tra
375 5577 679 5644 subditos
724 5575 984 5643 domini
1032 5574 1388 5654 Guidonis,
1432 5574 1654 5642 missit
1698 5575 2016 5641 comitem
2049 5575 2482 5641 Bernardum
2514 5577 3133 5662 secondogenitum
3166 5598 3362 5642 suum
3396 5580 3824 5647 travestitum
3856 5594 3928 5649 et

154 5679 213 5743 45
248 5681 647 5772 incognitum
693 5683 1011 5772 Venetijs
1056 5682 1130 5747 in
1174 5692 1513 5768 potestate
1559 5681 2008 5748 Venetorum.
2103 5679 2245 5758 Qui
2277 5681 2534 5748 Veneti
2565 5682 2788 5768 ipsum
2835 5680 3078 5748 libenti
3110 5682 3338 5748 animo
3370 5702 3828 5772 susceperunt
3858 5702 3930 5758 et

249 5790 564 5875 stipendia
610 5792 1068 5858 ducentorum
1113 5808 1447 5877 equorum
1494 5787 1626 5854 sibi
1673 5788 1844 5856 licet
1891 5789 2093 5855 etatis
2138 5808 2473 5853 annorum
2519 5788 2690 5876 xiiij.
2740 5788 3106 5855 dederunt.

403 5898 568 5966 Cum
612 5908 829 5965 status
872 5895 1264 5963 Mediolani
1310 5895 1626 5981 predicta
1672 5895 2019 5975 sensisset,
2068 5895 2243 5962 fecit
2285 5894 2626 5982 publicari
2675 5894 2938 5961 dictum
2995 5897 3347 5963 dominum
3411 5899 3809 5970 Guidonem
3858 5915 3930 5972 et

254 6023 553 6093 sequaces
593 6026 757 6073 suos
801 6024 931 6091 pro
973 6002 1372 6083 rebellibus,
1423 6022 1578 6069 com
1624 6001 2059 6083 inhibitione,
2108 6024 2195 6068 ne
2243 6002 2444 6068 terris
2489 6002 2629 6071 suis
2672 6002 2935 6091 aliquid
2981 6027 3023 6071 a
3086 6003 3368 6072 civitate
3431 6008 3733 6095 daretur,
3798 6033 3931 6081 nec

4023 1455 4065 1487 C·
4096 1452 4178 1494 127
4217 1457 4249 1486 v

4058 4120 4101 4153 c.
4131 4108 4216 4151 αἱ
4242 4119 4271 4149 r

4129 4864 4225 4903 un..
4257 4851 4335 4896 397
