4895 7066
281 456 367 531 [a
402 453 557 516 14⁸0
592 450 968 532 novembre]
1422 438 1539 525 IN
1589 447 2105 524 PARTIBUS
2160 429 2794 522 LOMBARDlE
3034 507 3046 524 .
3861 423 3964 514 89

2200 589 3973 610 mommo-mmmm

1222 712 1387 783 Non
1426 735 1501 780 so
1544 715 1620 780 in
1661 713 1829 803 qual
1867 720 2076 803 parte
2116 711 2247 803 pi&
2289 713 2394 779 mi
2433 711 2654 800 vegla
2697 710 2767 776 el
2804 709 2978 794 dire,

1304 814 1620 885 sentam
1660 817 2029 884 maachan
2070 815 2142 882 la
2182 837 2343 883 voce
2385 835 2431 882 a
2475 835 2662 882 mezo
2703 813 2774 880 el
2794 817 3015 902 pecto,

1312 920 1665 1008 cognosco
1706 926 1843 1010 per
1884 922 2134 1012 effecta,

1305 1021 1591 1089 Destino
1636 1021 1675 1087 ἃ
1716 1021 1833 1088 del
1869 1021 2035 1089 ciclo
2078 1021 2201 1088 che
2240 1021 2391 1090 mat
2428 1021 2498 1087 io
2539 1018 2743 1087 vada.

192 1123 223 1189 5
1219 1125 1288 1194 A
1327 1126 1464 1192 mio
1505 1147 1766 1193 socorso
1809 1123 1951 1191 ἴασι
1991 1123 2221 1192 l’altro
2261 1122 2668 1213 reguardo,

1303 1230 1387 1296 E
1422 1229 1532 1295 tal
1567 1225 1851 1295 ne‘ride
1889 1235 2061 1294 sotto
2104 1225 2349 1317 §falsi
2386 1225 2620 1316 panni

1260 1325 1274 1346 “
1309 1328 1447 1396 Che
1493 1331 1796 1397 sentimn
1840 1327 1900 1396 te·
1936 1329 2211 1418 affam‘,
3065 1395 3075 1403 ,

1305 1433 1474 1501 Non
1501 1433 1538 1499 ὲ
1559 1454 1779 1522 gram
1810 1438 2054 1522 tempo,
2087 1430 2212 1496 ben
2238 1429 2359 1497 che
2385 1450 2520 1497 non
2546 1449 2621 1496 se
2656 1427 2713 1496 ’1
2733 1428 2960 1497 creda.

1224 1534 1406 1603 Ydio
1459 1537 1575 1603 del
1609 1535 1746 1602 ciel
1781 1534 1861 1601 al
1897 1535 2035 1600 mio
2076 1534 2264 1601 αἰκία
2304 1532 2636 1622 proveda,

172 1641 230 1703 10
1305 1635 1692 1728 Possajjche
1732 1639 1903 1704 vado
1944 1637 1980 1703 a·
2016 1636 2350 1705 clenktaan
2393 1634 2707 1723 maligni

1301 1739 1412 1809 Da·
1448 1743 1563 1808 ira
1604 1762 1784 1809 esser
1823 1740 2101 1829 pregm'

1313 1842 1634 1911 Tenendo
1676 1842 1819 1910 l’un
1858 1841 2190 1910 coll'altro
2234 1841 2309 1907 in
2352 1861 2510 1907 man
2553 1838 2625 1905 la
2664 1839 2911 1931 spada.

1303 1943 2745 2037 Amh-defimmsaloecnchevada,

1961 2089 2276 2145 FJNJS.

180 2257 239 2323 15
430 2257 933 2330 Illustrissimus
958 2262 1280 2330 dominus
1308 2262 1450 2330 dux
1477 2259 1864 2329 Mediolani
1895 2258 2241 2327 concessit
2270 2256 2554 2326 domino
2584 2257 2886 2346 Johanni
2915 2257 3292 2326 Francisco
3323 2257 3753 2327 Pallavicino
3780 2257 3982 2348 juris-

274 2364 585 2432 ditionem
632 2367 1015 2435 Seravallis
1059 2367 1449 2437 Parmensis
1491 2388 1651 2435 com
1695 2377 1869 2434 totta
1926 2365 2322 2453 potestaria,
2386 2387 2522 2454 que
2582 2385 2712 2452 per
2774 2365 3136 2434 consilium
3195 2365 3440 2433 Parme
3486 2364 3782 2432 dabatur
3840 2365 3980 2432 sin-

275 2472 421 2558 gulo
463 2492 647 2539 anno
694 2474 791 2540 ad
834 2474 1081 2542 brevia
1088 2499 1109 2554 3
1156 2488 1228 2542 et
1273 2497 1431 2543 cum
1475 2473 1741 2541 intersit
1770 2471 2205 2541 comunitatis
2232 2470 2508 2551 Parme,
2539 2471 2708 2539 licet
2737 2483 3138 2559 temptatum
3171 2472 3280 2552 sit,
3309 2472 3537 2539 nullus
3566 2471 3784 2540 voluit
3821 2473 3982 2562 jura

276 2580 690 2647 commitatis
734 2581 920 2648 tueri
965 2581 1059 2650 ob
1102 2582 1590 2650 descensiones
1633 2580 2084 2668 squadrarum
2125 2578 2600 2647 Parmensium
2631 2590 2703 2645 et
2731 2578 3023 2646 maxime
3071 2599 3230 2646 cum
3272 2576 3541 2646 nobiles
3569 2575 3981 2645 Pallavicini

274 2685 687 2771 reperiantur
730 2698 875 2754 tres
917 2688 1170 2756 fratres
1214 2688 1306 2756 de
1366 2699 1545 2755 statu
1603 2685 1992 2755 Mediolani
2037 2697 2108 2753 et
2155 2685 2275 2774 qui
2317 2685 2478 2777 alijs
2519 2685 2930 2773 prevallent,
2975 2685 3269 2753 maxime
3316 2686 3633 2754 dominus
3676 2683 3980 2752 Pallavi-

174 2791 243 2855 20
275 2790 471 2870 cinus,
514 2793 642 2881 qui
687 2791 903 2861 habet
944 2814 1182 2861 curam
1227 2793 1488 2862 domini
1533 2793 1731 2861 ducis
1773 2792 2006 2880 parvi3
2053 2804 2125 2860 et
2170 2792 2531 2859 consilium
2560 2792 2637 2860 fit
2663 2791 2737 2858 in
2765 2811 2932 2860 arce
2978 2793 3185 2860 castri
3228 2792 3438 2862 Porte
3480 2792 3697 2882 Jovis,
3741 2791 3862 2859 ubi
3905 2811 3981 2862 se

276 2897 526 2966 reduxit
573 2898 898 2967 dominus
944 2902 1087 2968 dux
1131 2901 1205 2967 in
1248 2901 1629 2968 remotione
1673 2899 1930 2967 Taxini
1975 2910 2047 2966 et
2091 2898 2373 2967 domine
2418 2897 2717 2966 ducisse.
2807 2897 2948 2967 Pro
2992 2919 3132 2987 qua
3169 2898 3605 2990 jurisditione
3650 2898 3978 2967 habenda

279 3002 464 3071 solvit
505 3023 787 3073 camere
835 3026 1083 3074 aureos
1128 3006 1280 3075 800.

431 3110 590 3178 Hoc
635 3132 876 3179 mense
920 3112 1318 3181 novembris
1359 3111 1617 3201 ubique
1666 3133 1800 3200 per
1840 3110 2156 3180 civitates
2201 3123 2272 3180 et
2299 3111 2568 3200 plateas
2610 3110 3043 3181 vendebatur
3072 3110 3368 3200 epistola
3397 3109 3977 3201 elloquentissime
4129 3141 4171 3175 e.
4201 3140 4263 3183 os
4288 3141 4323 3173 v

282 3216 538 3284 condita
580 3217 865 3285 litterali
905 3239 1226 3286 sermone
1269 3220 1362 3288 de
1406 3217 1595 3287 bello
1640 3218 1910 3287 Turchi
1954 3220 2090 3286 hac
2120 3231 2339 3287 estate
2367 3230 2688 3306 promota
2729 3217 2945 3299 Rodi‚
2989 3218 3063 3285 in
3092 3238 3233 3308 quo
3262 3216 3482 3288 bello'
3512 3218 3778 3287 Turchi
3804 3217 3974 3286 victi
4125 3237 4283 3288 uun..
4311 3237 4391 3280 ³³⁸

184 3317 248 3383 25
281 3334 419 3389 sunt
458 3336 526 3391 et
572 3324 863 3412 expulsi,
909 3326 1076 3394 licet
1118 3326 1265 3393 illic
1311 3338 1589 3395 centum
1633 3326 1818 3394 vella
1861 3338 1935 3395 et
1979 3338 2256 3394 centum
2300 3325 2490 3393 mille
2533 3324 2808 3413 pedites
2850 3323 3191 3393 haberent
3220 3337 3294 3393 et
3336 3325 3501 3394 licet
3542 3337 3647 3393 tot
3675 3337 3748 3392 et
3774 3323 3982 3393 tantis

285 3427 506 3496 ictibus
551 3430 1095 3501 bombardorum
1137 3453 1461 3523 magnam
1504 3445 1775 3522 partem
1817 3454 2166 3502 murorum
2201 3432 2537 3500 demolliti
2566 3432 2881 3512 fuissent,
2913 3431 3335 3521 quammulta
3363 3452 3453 3500 ex
3482 3431 3782 3499 Turchis
3824 3431 3981 3499 mil-

284 3532 364 3601 lia
396 3539 621 3606 necati
666 3552 741 3608 et
785 3539 1180 3609 obtruncati
1224 3553 1403 3609 sunt.
1493 3540 1588 3610 Et
1630 3553 1945 3610 narratur
1988 3540 2257 3622 mirum,
2302 3541 2497 3628 quod
2527 3561 2686 3608 cum
2715 3539 3025 3608 ultimate
3055 3540 3322 3607 Turchi
3351 3538 3709 3607 victoriam
3739 3560 3982 3628 spera-2

286 3655 441 3723 rent,
482 3645 717 3712 menia
757 3648 899 3737 jam
943 3647 1136 3715 urbis
1179 3649 1660 3729 ascendentes,
1705 3649 1977 3735 repleta
2020 3648 2249 3728 fovea,
2296 3647 2489 3736 quod
2533 3646 2607 3714 in
2648 3647 2839 3715 aiere
2881 3645 3019 3714 illis
3061 3646 3253 3715 clare
3283 3644 3725 3715 cernentibus
3768 3666 3979 3734 supra

286 3750 589 3817 vexillum
630 3753 1221 3841 jerosolimorum,
1263 3755 1339 3822 in
1384 3774 1523 3843 quo
1585 3766 1689 3823 est
1744 3774 2000 3845 ymago
2062 3754 2321 3822 domini
2377 3754 2595 3822 nostri
2657 3753 2874 3843 Jhesu
2934 3750 3214 3834 Christi,
3273 3752 3582 3843 Virginis
3638 3754 3864 3822 Marie
3911 3765 3984 3821 et

80 3932 81 3945 χ
188 3852 252 3917 30
286 3854 447 3924 beati
488 3858 824 3947 Johannis
867 3860 1204 3948 Baptiste‚
1249 3862 1572 3950 apparuit
1634 3882 1804 3929 crux
1864 3882 2077 3933 aurea
2134 3860 2691 3949 splendidissima
2749 3873 2821 3929 et
2872 3860 3154 3949 insuper
3211 3859 3701 3929 candidissima
3758 3860 3979 3950 virge,

291 3961 563 4049 clipeum
609 3977 683 4032 et
725 3966 995 4034 hastam
1023 3988 1297 4058 gerens,
1330 3988 1418 4036 ac
1447 3969 1657 4037 homo
1700 3968 1848 4037 villi
1890 3980 2082 4036 veste
2118 3967 2399 4048 obsitus,
2430 3967 2989 4055 splendidissimo
3036 3967 3365 4035 comitatu
3403 3967 3716 4054 stipatus.
3809 3965 3971 4045 Que

290 4068 439 4136 visio
482 4084 744 4139 tantum
791 4085 1128 4143 terrorem
1174 4075 1478 4156 incussit,
1526 4075 1717 4164 quod
1760 4075 1979 4142 Turci
2008 4074 2199 4143 nullo
2229 4086 2440 4161 pacto
2485 4074 2635 4142 ausi
2677 4085 2839 4142 sunt
2867 4073 3049 4141 ultra
3075 4073 3407 4163 progredi
3420 4098 3440 4153 ς
3488 4085 3560 4142 et
3603 4073 3703 4142 sic
3734 4072 3980 4141 relicta

291 4175 556 4245 victoria
597 4180 953 4269 aufugisse
1000 4180 1093 4248 ad
1139 4200 1376 4249 eorum
1422 4181 1788 4262 territoria,
1836 4201 2012 4269 quos
2057 4180 2363 4248 cristiani
2421 4193 2579 4248 sunt
2638 4180 2956 4269 insequti‚
3015 4181 3273 4249 vexillo
3327 4200 3567 4248 eorum
3626 4180 3980 4267 capitanei

80 4344 83 4377 ζ
293 4283 627 4366 potientes.
706 4287 790 4352 In
836 4308 977 4375 qua
1003 4307 1241 4377 pugna
1287 4308 1374 4354 ex
1402 4287 1657 4355 Turcis
1701 4287 2110 4355 ceciderunt
2138 4286 2270 4354 tria
2313 4287 2529 4353 millia
2573 4285 2972 4377 quingenti3
3007 4297 3078 4353 et
3106 4283 3423 4354 omnibus
3467 4286 3880 4374 computatis
3908 4286 3982 4353 in

80 4388 83 4453 'l
196 4381 257 4447 35
295 4393 455 4458 omni
493 4393 821 4480 proflictu
862 4414 1117 4461 novem
1162 4393 1394 4475 millia,
1426 4393 1904 4483 vulneratique
1949 4406 2109 4462 sunt
2138 4394 2536 4484 quindecim
2580 4392 2791 4461 milia.
2854 4394 2934 4460 In
2959 4391 3208 4482 quibus
3235 4392 3472 4482 prelijs
3501 4395 3718 4461 frater
3746 4393 3984 4482 magni

80 4500 81 4511 ’
296 4497 573 4585 magistri
615 4498 811 4567 Rodi
853 4498 1356 4570 strenuissimus
1403 4500 1681 4581 cecidit,
1707 4522 1884 4568 unus
1929 4520 2019 4568 ex
2062 4496 2440 4587 capitaneis
2473 4511 2541 4567 et
2569 4519 2786 4588 gener
2829 4498 3117 4567 Turchi.
3195 4498 3662 4589 Relatumque
3708 4511 3833 4579 est,
3864 4498 3981 4566 die

296 4605 574 4672 secunda
601 4618 764 4692 post
805 4606 1163 4674 victoriam
1194 4608 1678 4677 Rodianorum
1721 4608 1795 4675 in
1839 4619 2046 4694 portu
2076 4606 2491 4694 applicuisse
2523 4617 2666 4673 tres
2694 4627 2909 4673 naves
2940 4605 3288 4674 onerarias
3328 4606 3514 4696 regis
3555 4604 3981 4675 Ferdinandi

296 4706 604 4800 victualijs
649 4723 721 4780 et
764 4711 1254 4781 munitionibus
1299 4726 1599 4793 onustas,
1635 4733 1920 4801 quarum
1948 4734 2090 4780 una
2119 4731 2163 4778 a
2190 4712 2491 4779 Turchis
2519 4711 2843 4780 insultata
2883 4712 3002 4778 vix
3047 4732 3285 4779 eorum
3328 4733 3571 4779 manus
3600 4711 3672 4778 in
3702 4723 3980 4800 portum

298 4811 463 4883 Rodi
492 4817 805 4906 aufugit:
840 4820 1029 4908 quod
1057 4819 1325 4909 Turchi
1358 4832 1726 4889 cernentes
1757 4838 1915 4887 com
1943 4820 2383 4887 incommodo
2414 4831 2486 4886 et
2516 4817 2870 4886 dedecore
2913 4818 2987 4884 in
3030 4816 3321 4905 patriam
3365 4820 3890 4908 navigaverunt.

80 4922 81 4999 Q
206 4916 267 4980 40
447 4923 807 5014 vigesimo
853 4926 1093 5012 quinto
1138 4926 1532 4994 novembris
1583 4926 1753 4994 1480
1785 4944 1944 4994 cum
1974 4926 2202 5006 fillius,
2235 4924 2558 5015 armigeri
2590 4934 2661 4993 et
2688 4924 3004 4992 homines
3033 4925 3126 4991 de
3155 4924 3510 4993 Collurnio
3542 4925 3803 4994 domini
3829 4925 3981 4993 Ro-

299 5022 449 5095 berti
492 5032 583 5098 de
628 5030 891 5098 Sancto
938 5031 1275 5100 Severino
1321 5032 1745 5101 transivisset
1803 5033 2030 5101 noctis
2087 5044 2404 5120 tempore
2465 5052 2710 5099 cavam
2768 5050 2926 5099 com
2989 5032 3328 5125 duplerijs
3372 5044 3445 5100 et
3488 5033 3815 5117 lanternis
3860 5052 3980 5099 ac-

302 5136 497 5202 censis
538 5146 611 5203 et
653 5158 794 5203 una
834 5149 1047 5205 nocte
1091 5137 1582 5226 applicuissent
1625 5138 1717 5206 ad
1760 5150 2032 5228 portam
2077 5138 2313 5227 Carpi,
2344 5139 2714 5206 credentes
2741 5137 3020 5226 intrare,
3063 5158 3221 5207 cum
3265 5139 3618 5208 diceretur
3645 5139 3789 5206 illic
3820 5141 3980 5208 fore

301 5248 633 5309 nactatum
676 5244 755 5309 in
798 5245 1113 5311 favorem
1156 5244 1329 5312 foris
1374 5267 1415 5311 e
1462 5246 1772 5314 dominio
1820 5245 2274 5325 existentium,
2321 5245 2755 5332 reperierunt
2799 5244 2896 5312 ad
2938 5245 3191 5313 merlos
3219 5265 3431 5334 supra
3459 5258 3731 5333 portam
3763 5246 3979 5314 fuisse

302 5365 649 5434 appensum
693 5350 1063 5437 quemdam
1109 5351 1584 5438 Carpesanum
1643 5351 2004 5421 ductorem
2063 5360 2397 5419 tractatus
2408 5376 2428 5430 3
2480 5362 2552 5418 et
2597 5373 2756 5419 cum
2798 5352 2894 5420 ad
2936 5351 3166 5419 menia
3224 5365 3698 5420 exortarentur
3757 5351 3979 5421 homi·

214 5443 270 5511 45
304 5472 409 5519 nes
448 5455 535 5521 ad
577 5454 1027 5523 mutationem
1070 5457 1351 5537 domini,
1398 5458 1667 5545 expulsi
1710 5470 1869 5525 sunt
1913 5458 2314 5549 spingardis
2359 5470 2429 5526 et
2473 5456 2803 5535 ballistis3
2866 5477 3001 5525 nec
3063 5459 3382 5526 valentes
3440 5459 3694 5547 exequi
3739 5479 3978 5527 eorum

304 5558 715 5642 desiderium,
764 5564 1182 5651 quamcitius
1233 5575 1431 5654 terga
1491 5566 1859 5633 dederunt.
1950 5565 2134 5633 Nam
2190 5564 2332 5655 jam
2394 5564 2578 5631 intus
2617 5564 2904 5632 Borsius
2948 5565 3038 5631 de
3082 5564 3401 5654 Corrigia
3442 5586 3664 5654 nepos
3710 5565 3977 5634 domini

302 5663 499 5735 Marci
541 5668 634 5734 de
674 5669 828 5758 Pijs
873 5689 1026 5737 com
1072 5682 1351 5738 centum
1395 5670 1753 5760 armigeris
1797 5684 1868 5740 et
1910 5672 2129 5759 aliqui
2169 5670 2289 5761 aiij
2354 5669 2756 5738 attinentes'
2786 5671 2876 5737 de
2906 5670 3138 5760 Regio
3185 5684 3257 5738 et
3300 5669 3595 5752 Mutina,
3638 5673 3776 5739 hoc
3820 5692 3979 5741 sen-
4128 5703 4171 5739 e.
4201 5703 4258 5747 η
4283 5705 4311 5738 r

302 5771 520 5840 tientes
559 5775 994 5843 intraverunt
1035 5774 1360 5864 Carpum,
1405 5788 1482 5844 ut
1523 5776 1710 5844 illius
1754 5777 2134 5847 dominium
2180 5786 2535 5845 merentur
2575 5797 2707 5864 pro
2736 5775 3024 5845 domino
3053 5776 3301 5845 Marco
3332 5789 3542 5866 capto
3574 5778 3877 5846 Sarzane
3909 5791 3981 5847 et

447 5999 496 6040 2.
528 5988 809 6043 Sentome
842 5988 1164 6059 manchare]
1201 5989 1380 6044 Sento
1418 5989 1684 6045 mancha:-
1716 6018 1785 6030 —
1821 6007 1872 6059 4.
1908 5989 2081 6060 cislo]
2116 5991 2221 6045 ciel
2255 6016 2323 6031 --
2359 6000 2451 6059 29.
2485 5992 2575 6043 eat
2607 5984 2709 6043 oui.
2744 5991 2859 6044 cod,
2896 6017 2963 6031 -—
3002 6006 3089 6058 41.
3125 5988 3424 6058 lanternis]
3461 5989 3697 6044 laternis
3734 5991 3855 6049 cod·
