4895 7066
536 1439 638 1477 υι..
665 1427 752 1473 374

529 1866 569 1899 e.
602 1863 688 1906 107
716 1869 743 1897 r

543 4140 572 4173 ἱ

492 4213 533 4246 c.
562 4201 707 4245 108v

483 5386 584 5427 un..
613 5375 694 5419 ³7⁵

928 498 1070 580 102
2198 501 2675 585 CRONICA
2730 503 3311 584 GESTORUM
3744 518 3847 591 [a
3887 523 4047 578 μοι
4090 459 4640 592 maggio-giugno]

912 655 2694 667 *nom-*mmmmm*

909 769 1040 858 ipsi
1087 770 1367 838 domino
1411 772 1763 860 Jeronimo
1825 769 1896 837 in
1957 771 2391 857 Tanzollino,
2440 771 2532 839 ob
2578 774 2767 860 quod
2829 771 2958 841 sibi
3018 772 3313 840 invicem
3362 771 3801 862 obiurgantes
3858 771 4054 838 multi
4112 771 4642 837 insurrexerunt

907 876 997 944 ab
1040 890 1325 966 utraque
1370 889 1604 964 parte3
1670 890 1741 945 et
1801 878 2084 945 tandem
2131 879 2408 968 quidam
2455 879 2759 968 Jacobus
2819 878 3224 947 Belmaritus
3284 880 3740 969 Corrigiensis
3799 900 4061 967 sequax
4115 878 4374 947 domini
4421 878 4640 966 Jero-

906 981 1076 1052 nimi
1121 1005 1313 1050 arma
1358 984 1565 1071 cepit,
1613 1006 1747 1073 que
1795 985 1974 1051 clam
2019 984 2145 1052 sub
2193 986 2490 1052 clamide
2553 985 2826 1053 ferebat
2888 999 3129 1053 contra
3190 986 3420 1053 cridas
3477 986 3800 1053 hesterna
3846 986 3961 1052 die
4009 985 4264 1062 factas3
4329 996 4404 1049 et
4470 1003 4637 1049 cum

905 1090 1101 1157 multi
1144 1089 1306 1158 hinc
1351 1091 1513 1159 inde
1561 1112 1647 1157 ex
1689 1093 1920 1179 platea
1980 1092 2072 1158 ad
2132 1092 2349 1158 rixam
2402 1105 2743 1173 emerent,
2794 1105 3036 1180 captus
3080 1093 3211 1160 fuit
3272 1115 3315 1159 a
3377 1092 3655 1159 domino
3714 1091 4176 1159 commissario
4244 1088 4639 1178 suprascri-

904 1209 1062 1283 ptus
1104 1196 1409 1286 Jacobus
1450 1198 1882 1277 Belmaritus,
1931 1198 2041 1266 cui
2087 1199 2234 1286 ipse
2279 1199 2597 1266 dominus
2630 1199 3131 1267 commissarius
3176 1199 3266 1266 de
3313 1199 3778 1286 appendendo
3825 1199 4116 1265 minatus
4171 1209 4293 1264 est.
4387 1197 4635 1264 Nocte
4729 1194 4766 1260 5

900 1315 1144 1390 sequta
1187 1304 1428 1372 infiniti
1490 1304 1767 1391 capistri
1824 1306 2023 1371 trium
2083 1307 2379 1393 partium
2433 1307 2769 1385 timentes,
2817 1328 2906 1373 ne
2969 1307 3152 1373 idem
3213 1304 3517 1394 Jacobus
3578 1307 4109 1393 appenderetur,
4172 1326 4248 1371 se
4307 1322 4635 1369 armave-

904 1422 1080 1488 runt,
1128 1411 1220 1477 ad
1263 1412 1616 1499 pallatium
1662 1412 1922 1478 domini
1967 1412 2412 1503 commissarij
2465 1414 2854 1480 venientes·
2904 1426 2974 1480 et
3021 1413 3114 1479 ad
3158 1412 3373 1480 multa
3431 1413 3569 1480 alia
3629 1413 3806 1491 loca,
3852 1431 3979 1499 per
4029 1432 4163 1498 que
4212 1407 4635 1477 dubitabant

900 1497 1122 1604 ipsum
1168 1516 1505 1606 Jacobum
1551 1518 1733 1598 duci,
1766 1530 1841 1585 ut
1869 1519 2061 1585 illum
2092 1520 2488 1586 evaderent.
2580 1520 2900 1587 Tandem
2946 1520 3017 1585 in
3061 1540 3265 1585 mane
3310 1520 3556 1586 ductus
3587 1531 3691 1586 est
3720 1519 3845 1585 sub
3889 1517 4187 1585 sillentio
4230 1518 4304 1582 in
4353 1528 4592 1583 castro
4608 1540 4628 1592 3

899 1634 970 1689 et
1014 1636 1314 1690 attamen
1356 1624 1527 1690 nihil
1572 1625 1759 1691 aliud
1791 1639 1896 1692 est
1923 1638 2165 1713 postea
2208 1639 2543 1715 sequtum.
2638 1626 2784 1694 Sed
2814 1626 2999 1692 infra
3025 1646 3290 1713 paucos
3327 1627 3475 1694 dies
3506 1626 3691 1694 idem
3737 1626 4039 1714 Jacobus
4084 1645 4172 1691 ex
4217 1622 4467 1691 litteris
4497 1622 4627 1688 du-

900 1728 1160 1797 calibus
1202 1731 1335 1797 fuit
1381 1731 1726 1800 liberatus.
4673 1730 4754 1794 10

1079 1838 1234 1903 Hac
1296 1837 1501 1904 etiam
1564 1839 1676 1907 die
1740 1839 2048 1908 transivit
2110 1839 2520 1909 caballarius
2564 1838 3018 1909 Bononiensis
3061 1861 3190 1929 per
3235 1840 3554 1908 Parmam
3614 1841 3877 1908 vadens
3922 1838 4406 1907 Mediolanum
4458 1857 4620 1905 com

788 1989 797 2002 .
895 1944 1173 2010 staffeta
1215 1943 1477 2012 itineris
1517 1945 1840 2013 horarum
1889 1947 2136 2014 decem
2181 1968 2311 2035 pro
2358 1946 2700 2026 milliario,
2734 1947 2852 2035 qui
2882 1967 3067 2015 nova
3107 1947 3428 2035 portavit,
3478 1946 3794 2035 qualliter
3840 1947 4121 2034 quidam
4167 1944 4499 2013 Carollus
4533 1943 4626 2009 de

890 2048 1237 2117 Anchona
1282 2051 1579 2141 armiger
1624 2053 1893 2120 comitis
1951 2053 2287 2142 Jeronimi
2347 2053 2607 2121 domini
2669 2054 2974 2133 Ymolle‚
3036 2075 3122 2121 ac
3183 2053 3455 2141 nepotis
3515 2052 3858 2141 pontificis
3904 2052 4079 2120 Sixti
4141 2053 4231 2119 de
4293 2048 4624 2130 Robore,

890 2156 1156 2225 habens
1199 2158 1368 2225 alias
1413 2159 1845 2227 inimicitiam
1891 2161 2284 2248 capitallem
2332 2181 2489 2228 com
2538 2161 2912 2229 castellano
2958 2161 3138 2227 arcis
3182 2161 3484 2240 Ymolle‚
3531 2173 3763 2227 tamen
3811 2180 3966 2227 com
4005 2179 4093 2226 eo
4122 2158 4624 2225 reconciliatus

894 2276 964 2330 et
1009 2264 1367 2332 familiaris
1412 2278 1483 2332 et
1526 2287 1656 2353 pro
1701 2267 2005 2334 amicitia
2047 2267 2269 2356 magis
2312 2268 2654 2335 servanda
2697 2268 2962 2337 sollitus
3006 2268 3077 2333 in
3132 2268 3323 2335 dicta
3368 2287 3531 2335 arce
3576 2269 3855 2346 intrare,
3901 2268 3974 2333 in
4036 2288 4190 2333 eam
4252 2267 4441 2356 clam
4489 2262 4619 2331 sub
4673 2261 4747 2328 15

885 2371 1067 2459 togis
1114 2384 1427 2451 armatus,
1476 2392 1632 2439 com
1679 2374 1955 2441 famulis
1999 2374 2301 2462 quinque
2350 2374 2555 2442 etiam
2600 2387 2870 2442 secreto
2916 2374 3218 2454 armatis,
3272 2374 3643 2441 intraverat
3687 2394 3941 2452 arcem,
4002 2387 4077 2440 ut
4138 2392 4295 2440 com
4359 2369 4621 2438 castel-

889 2476 1049 2543 lano
1097 2498 1288 2545 more
1333 2479 1563 2546 sollito
1623 2480 2039 2567 loqueretur.
2130 2481 2223 2548 Et
2268 2502 2423 2548 cum
2470 2481 2544 2548 in
2587 2503 2674 2548 ea
2719 2481 2870 2559 fuit,
2917 2481 3108 2547 illum
3158 2502 3312 2548 com
3355 2492 3551 2567 parte
3596 2481 3943 2547 sociorum
3990 2500 4226 2546 arcem
4270 2478 4619 2546 tuentium

884 2584 1256 2665 interfecit,
1303 2606 1388 2652 ac
1435 2606 1666 2653 arcem
1711 2587 1928 2674 ipsam
1977 2587 2180 2674 cepit.
2271 2589 2546 2655 Exinde
2594 2588 3004 2677 significavit
3036 2588 3316 2656 domino
3350 2587 3650 2676 Johanni
3680 2587 4070 2654 Bentivollo
4100 2585 4436 2673 primario
4470 2582 4614 2651 Bo·

883 2691 1110 2770 nonie,
1164 2692 1222 2759 si
1284 2713 1514 2758 arcem
1574 2694 1791 2779 ipsam
1852 2694 2151 2775 volebat,
2199 2696 2388 2782 quod
2450 2694 2549 2759 illi
2607 2694 2679 2760 in
2721 2694 2932 2780 pleno
2987 2695 3291 2761 dominio
3338 2694 3570 2772 daret3
3619 2693 3731 2760 cui
3773 2693 4151 2780 respondit,
4200 2693 4394 2780 quod
4444 2712 4614 2759 non.

881 2796 973 2862 Et
1013 2811 1387 2885 propterea
1434 2797 1842 2866 caballarius
1885 2800 2279 2867 mittebatur
2321 2800 2797 2867 Mediolanum
2841 2822 2972 2887 pro
3018 2800 3469 2888 intelligenda
3511 2799 3864 2867 volontate
3906 2798 4292 2888 regentium
4353 2810 4614 2864 statum
4660 2799 4744 2861 20

884 2902 1289 2972 Mediolani.
1383 2905 1559 2973 Cum
1606 2917 1832 2972 autem
1878 2906 2012 2973 hec
2056 2907 2467 2993 penderent,
2517 2907 2742 2974 dictus
2786 2906 3104 2974 Carollus
3147 2906 3432 2992 sumptis
3478 2905 3695 2972 tribus
3737 2905 3925 2970 mille
3972 2904 4195 2972 aureis
4223 2924 4467 2970 arcem
4498 2924 4613 2968 re-

879 3007 1094 3075 stituit
1135 3024 1428 3098 patrono
1457 3031 1581 3079 suo
1613 3024 1683 3078 et
1712 3011 1812 3078 sic
1842 3012 2288 3102 gubernatori
2317 3013 2619 3080 Ymolle‚
2714 3013 2856 3093 Qui
2903 3011 3195 3079 Carolus
3237 3023 3482 3098 postea
3529 3023 3769 3098 captus
3815 3032 4160 3098 appensus
4205 3010 4337 3076 fuit
4367 3009 4613 3076 merlis

885 3114 1070 3182 dicte
1115 3117 1315 3186 arcis.

984 3217 991 3226 ’
1052 3221 1214 3300 Qua
1258 3226 1538 3313 quidem
1583 3227 1697 3293 die
1742 3227 1995 3314 scripte
2043 3239 2199 3293 sunt
2244 3227 2467 3295 littere
2515 3248 2603 3293 ex
2644 3226 3051 3294 Mediolano
3098 3248 3141 3292 a
3184 3237 3361 3293 statu
3405 3225 3792 3293 Mediolani
3835 3223 4410 3292 reverendissimo
4477 3225 4609 3291 do-

872 3328 1061 3397 mino
1109 3331 1441 3419 episcopo
1489 3333 1866 3414 Parmensi,
1915 3335 2103 3421 quod
2149 3334 2631 3401 illustrissimus
2679 3336 2994 3401 dominus
3039 3345 3274 3400 noster
3304 3335 3517 3400 sensit
3560 3333 3936 3400 vociferari
3982 3331 4367 3399 exercitum
4399 3353 4602 3398 suum
4647 3328 4730 3397 25

874 3438 1042 3522 poni
1087 3437 1347 3506 debere
1396 3442 1634 3508 castris
1681 3441 2026 3531 magnifici
2073 3441 2335 3508 domini
2377 3440 2781 3507 Petrimarie
2826 3441 2915 3508 de
2961 3438 3230 3507 Rubeis
3292 3452 3364 3506 et
3423 3440 3610 3528 quod
3669 3439 3851 3506 male
3912 3439 4181 3506 faciunt
4226 3439 4326 3505 sic
4384 3438 4603 3527 loqui.

870 3541 1219 3621 Quoniam
1279 3548 1416 3615 hoc
1476 3569 1618 3616 non
1678 3561 1782 3617 est
1838 3571 2078 3616 verum
2139 3560 2210 3616 et
2269 3550 2461 3636 quod
2519 3549 2703 3615 idem
2747 3548 3208 3615 Petrusmaria
3251 3569 3525 3634 semper
3568 3548 3700 3614 fuit
3761 3559 3833 3614 et
3893 3559 3998 3614 est
4058 3546 4318 3612 amicus
4378 3559 4601 3612 status

870 3650 1253 3718 Mediolani
1298 3667 1369 3721 et
1413 3655 1601 3743 quod
1644 3667 1924 3722 moneat
1967 3656 2066 3722 sic
2111 3655 2579 3723 vociferantes
2625 3654 2716 3720 ad
2746 3654 3108 3722 silentium.
3203 3652 3365 3731 Quo
3396 3674 3538 3720 non
3585 3652 3921 3733 obstante,
3969 3654 4154 3720 idem
4198 3652 4597 3719 Petrusma-

868 3755 974 3822 ria
1017 3759 1350 3846 quottidie
1398 3774 1622 3828 castra
1665 3783 1788 3828 sua
1831 3761 2151 3851 gentibus
2197 3774 2267 3828 et
2313 3759 2835 3828 defensionibus
2879 3761 3115 3828 munit.

1045 3864 1376 3933 Secundo
1419 3866 1585 3957 junij
1649 3868 1806 3934 1481
1862 3866 2097 3935 habita
2140 3880 2297 3935 sunt
2340 3888 2544 3946 nova,
2592 3868 2780 3955 quod
2825 3889 3112 3957 magnus
3157 3868 3479 3935 Turchus
3523 3868 3637 3935 die
3685 3867 3886 3934 tertio
3931 3889 4093 3957 may
4125 3865 4304 3933 cursi
4338 3866 4591 3932 deces-
4636 3868 4722 3933 30

863 3983 1067 4050 serat,
1114 3985 1383 4061 sumpta
1426 3975 1723 4062 quadam
1769 3974 2138 4053 medicina,
2187 3974 2349 4041 dum
2383 3994 2539 4041 com
2569 3974 2736 4040 fillio
2767 3994 2890 4041 suo
2922 3972 3052 4040 sibi
3096 3995 3415 4063 guerram
3463 3975 3768 4041 faciente
3814 3972 4073 4040 bellum
4116 3972 4445 4040 haberet:
4498 3971 4591 4041 ob

864 4077 1053 4163 quod
1097 4079 1392 4145 maxima
1437 4080 1617 4146 festa
1664 4080 2040 4147 cellebrata
2084 4091 2239 4147 sunt
2286 4081 2357 4145 in
2401 4092 2577 4148 totta
2621 4080 2839 4159 Italia,
2890 4080 3248 4147 laudantes
3292 4081 3540 4148 Deum.

1040 4183 1312 4253 Octavo
1354 4186 1525 4275 junij
1585 4187 1747 4253 1481
1800 4199 2001 4273 parte
2048 4185 2477 4253 illustrissimi
2524 4186 2785 4253 domini
2827 4187 3042 4253 nostri
3088 4188 3278 4253 facte
3308 4199 3464 4254 sunt
3510 4187 3701 4253 cride
3746 4185 4048 4274 publice,
4096 4187 4285 4274 quod
4329 4187 4386 4252 si
4435 4187 4589 4275 quis

865 4311 940 4357 se
985 4291 1279 4359 voluerit
1324 4292 1653 4380 conqueri
1697 4291 1826 4358 sibi
1873 4293 1961 4360 ab
2010 4291 2238 4381 aliquo
2286 4293 2578 4373 officiali,
2640 4305 2756 4359 aut
2816 4294 2951 4359 alio
3000 4293 3311 4361 iniuriam
3358 4294 3750 4382 irrogatam,
3813 4294 4023 4361 vadat
4080 4293 4584 4372 Mediolanum,

860 4395 978 4462 ubi
1025 4397 1213 4464 circa
1257 4398 1394 4465 hoc
1440 4397 1545 4465 bis
1589 4399 1662 4464 in
1706 4397 2116 4478 ebdomada,
2163 4399 2385 4467 silicet
2427 4399 2664 4465 martis
2697 4411 2767 4467 et
2794 4400 3106 4479 veneris,·
3136 4400 3482 4467 audientia
3512 4397 3785 4467 dabitur
3827 4398 4110 4489 publica
4155 4412 4226 4466 et
4268 4400 4583 4487 querelle
4630 4398 4711 4464 35

860 4501 1337 4589 providebitur
1384 4525 1541 4573 com
1583 4504 1859 4592 justitia.

1035 4610 1192 4676 Hac
1238 4611 1442 4678 etiam
1490 4612 1603 4678 die
1650 4613 1904 4700 scripte
1949 4624 2105 4681 sunt
2150 4634 2238 4679 ex
2280 4612 2686 4680 Mediolano
2734 4613 2958 4682 littere
3005 4613 3406 4680 officialibus
3449 4613 3726 4693 Parme,
3773 4614 3962 4702 quod
4008 4614 4358 4680 mittantur
4408 4633 4581 4701 qua·

858 4727 1013 4781 tuor
1060 4715 1267 4795 cives,
1312 4739 1486 4784 unus
1530 4738 1660 4805 pro
1706 4717 1974 4807 singula
2018 4720 2316 4808 squadra
2359 4719 2838 4786 Mediolanum
2902 4740 3057 4786 com
3117 4719 3445 4786 mandato
3491 4741 3534 4786 a
3579 4721 3996 4787 comunitate
4049 4739 4178 4806 pro
4236 4720 4584 4807 composi-

850 4822 1040 4888 tione
1071 4822 1350 4912 subsidij
1382 4825 1737 4911 prestandi
1783 4837 2024 4892 contra
2052 4826 2417 4899 Teuchros
2447 4825 2518 4892 in
2549 4825 2850 4913 Apullea
2880 4827 3269 4907 existentes,
3302 4828 3393 4892 ad
3425 4827 3614 4914 quod
3645 4827 3834 4894 cives
3864 4826 4133 4893 nollunt
4164 4826 4581 4893 consentire.

1027 4929 1186 4997 Fuit
1230 4931 1447 4997 maior
1492 4932 1892 4998 inundantia
1938 4953 2115 5020 aque
2160 4933 2356 5013 Padi,
2403 4954 2539 5022 que
2584 4955 2886 5021 unquam
2947 4933 3155 5000 fuerit
3200 4955 3244 4999 a
3283 4934 3655 5000 recordatu
3713 4932 4104 5000 viventium.
4141 4933 4332 5011 citra,
4395 4932 4579 5000 adeo
4627 4934 4707 4998 40

850 5037 1043 5125 quod
1085 5059 1214 5124 per
1257 5060 1464 5104 unum
1509 5060 1817 5105 mensem
1863 5041 2189 5107 continuo
2238 5041 2455 5106 crevit
2500 5053 2571 5107 et
2615 5040 2984 5108 suffocavit
3026 5040 3239 5106 multa
3270 5040 3611 5109 territoria
3640 5040 3710 5104 in
3741 5040 4171 5118 Placentin0,
4203 5039 4571 5128 Collurnij,

844 5143 1222 5224 Vitaliane,
1267 5144 1575 5223 Mantue,
1622 5143 1740 5211 ubi
1785 5157 1955 5212 totta
2002 5145 2240 5213 civitas
2287 5146 2683 5227 inundabat,
2733 5160 2803 5214 et
2847 5146 3162 5225 Ferarie3
3216 5147 3306 5214 ob
3352 5147 3541 5235 quod
3584 5146 3846 5212 semina
3874 5166 4078 5232 passa
4120 5158 4278 5211 sunt
4319 5144 4392 5210 in
4439 5145 4577 5211 illis

851 5249 1026 5316 locis
1071 5250 1443 5330 dilluvium,
1489 5250 1609 5317 ubi
1660 5251 1866 5318 etiam
1914 5272 2160 5340 ageres
2207 5252 2384 5319 Padi
2430 5253 2656 5320 multis
2686 5253 2758 5318 in
2790 5253 2962 5320 locis
2990 5269 3146 5322 sunt
3179 5252 3542 5321 confracti.
3632 5253 3725 5319 Et
3755 5252 4014 5319 dictum
4048 5264 4171 5329 est,
4206 5250 4573 5318 Sevizaros

848 5355 1172 5423 incidisse
1220 5358 1566 5445 quandam
1612 5368 2072 5437 montaneam,
2118 5380 2257 5445 pei:
2291 5381 2496 5447 quam
2544 5359 2821 5447 quidam
2870 5359 3078 5426 la'cus
3123 5359 3441 5426 discurrit
3487 5360 3558 5425 in
3602 5359 3880 5425 flumine
3926 5356 4126 5424 Padi.

1023 5463 1200 5531 Cum
1223 5463 1488 5530 Turchi
1512 5464 1727 5531 multa
1757 5464 2009 5531 damna
2036 5465 2108 5531 in
2138 5464 2438 5551 Apullea
2466 5466 2617 5554 regi
2648 5466 3091 5534 Ferdinando
3136 5466 3494 5545 inferrent,
3541 5486 3666 5531 rex
3708 5465 3857 5551 ipse
3891 5463 4231 5531 ordinavit
4276 5476 4572 5551 quatuor
4618 5462 4696 5530 45

839 5570 1169 5657 pulchras
1215 5582 1286 5638 et
1328 5572 1655 5638 hornatas
1700 5572 2119 5651 meretrices,
2167 5586 2242 5638 ut
2284 5572 2622 5640 intrarent
2666 5573 3088 5639 Idrontinam
3136 5572 3481 5639 civitatem
3531 5572 3621 5638 ad
3665 5571 4007 5649 Turchos‚
4056 5592 4227 5659 quas
4255 5570 4566 5638 vestibus

837 5676 1081 5744 morbo
1124 5677 1429 5745 intinctis
1471 5679 1705 5745 vestiri
1748 5679 1962 5769 jussit,
2013 5678 2100 5745 ab
2148 5680 2246 5747 eis
2289 5699 2433 5746 non
2484 5679 2796 5768 cognitis.
2888 5679 3096 5747 Unde
3145 5700 3301 5746 cum
3352 5680 3425 5746 in
3479 5679 3754 5746 civitate
3802 5681 4100 5757 fuerunt,
4145 5678 4291 5746 vise
4337 5691 4498 5744 sunt
4526 5700 4571 5743 a

836 5783 1137 5850 Turchis
1183 5783 1478 5851 letanter
1525 5797 1595 5851 et
1642 5785 2008 5852 carnaliter
2053 5785 2478 5854 incessanter
2525 5786 2827 5875 cognite,
2876 5786 3057 5854 adeo
3106 5785 3297 5874 quod
3339 5786 3520 5852 inter
3565 5785 3887 5852 Turchos
3930 5805 4186 5874 magna
4230 5785 4422 5871 cepit
4465 5785 4569 5852 vi-

979 6049 1065 6107 44·
1100 6035 1294 6105 quam]
1334 6051 1545 6103 aquam
1581 6038 1701 6091 cod.
1738 6064 1805 6075 —
1845 6048 1931 6105 45.
1970 6038 2253 6091 inferrent
2288 6055 2390 6092 om.
2428 6040 2544 6093 cod.
