4895 7066
1000 493 1145 582 120
2277 504 2757 582 CRONICA
2812 506 3391 581 GESTORUM
3598 545 3610 558 ·
4012 508 4116 585 [Α.
4159 515 4329 572 1482
4363 513 4675 585 dicembte]

987 779 1414 857 portaretur-3
1459 766 1774 856 fecitque
1819 765 2045 854 ipsum
2092 767 2445 836 dominum
2493 768 2886 837 Guidonem
2930 778 3002 835 et
3045 769 3396 856 quondam
3441 779 3713 855 patrem
3743 789 3939 835 suum
3985 767 4184 855 pingi
4227 769 4304 833 in
4353 767 4681 835 tabolletis

976 896 1105 963 pro
1149 873 1635 962 proditoribus,
1681 872 1819 940 sibi
1865 895 2140 942 manum
2185 884 2552 962 tangentes
2597 887 2668 942 et
2716 875 2896 963 affigi
2939 875 3013 941 in
3060 874 3371 962 qualibet
3416 875 3719 944 civitate.

619 1017 662 1048 e.
692 1005 770 1046 ης
801 1015 833 1045 v
1159 980 1520 1070 vigesimo
1569 992 1817 1067 quarto
1864 979 2259 1048 decembris
2302 1003 2462 1048 cum
2507 993 2754 1070 gentes
2813 982 3158 1070 armigere
3217 981 3587 1049 existentes
3647 982 3860 1071 Regij
3922 980 4279 1050 venissent
4346 982 4440 1049 ad
4499 1002 4679 1048 saco-

984 1109 1263 1160 manum
1306 1090 1400 1158 ad
1442 1085 1866 1158 Chasamdei
1908 1087 1981 1152 in
2026 1096 2241 1155 strata
2283 1087 2603 1167 Claudia,
2652 1087 3013 1156 obviature
3060 1089 3274 1155 etiam
3337 1108 3425 1156 ne
3479 1099 3722 1176 gentes
3779 1087 4050 1156 domini
4107 1087 4579 1175 Protonotarij
4624 1101 4685 1154 et

559 1216 720 1264 ιω...
747 1216 828 1258 ³⁹⁸
981 1194 1230 1283 Jacobi
1274 1196 1366 1268 de
1410 1194 1684 1266 Rubeis
1726 1196 1820 1264 ad
1862 1193 2210 1281 stipendia
2254 1195 2527 1262 Veneta
2555 1193 3028 1275 militantium,
3061 1195 3432 1264 Monticuli
3465 1196 3891 1285 degentium,
3923 1195 4104 1264 irent
4133 1216 4360 1282 prope
4393 1194 4679 1283 Regium
4761 1195 4793 1261 5

972 1302 1066 1370 ad
1109 1323 1573 1381 sacommum,
1616 1313 1827 1389 prout
1872 1301 2215 1389 quottidie
2260 1300 2477 1380 ibant,
2512 1300 2789 1369 obviam
2821 1301 2959 1368 sibi
3003 1301 3304 1370 invicem
3350 1303 3656 1380 fuerunt,
3718 1300 3840 1369 ubi
3885 1301 4185 1370 maxima
4229 1302 4424 1368 inter
4467 1315 4686 1368 utran-

979 1428 1114 1497 que
1155 1421 1428 1497 partem
1490 1409 1681 1478 facta
1725 1419 1832 1478 est
1875 1410 2045 1489 rixa,
2109 1408 2436 1495 captique
2499 1419 2660 1476 sunt
2703 1427 2794 1476 ex
2841 1409 3050 1478 dictis
3109 1408 3408 1499 Reginis
3443 1407 3768 1499 armigeri
3799 1408 3945 1497 lvij.
3979 1408 4322 1495 multique
4369 1408 4684 1475 cecidere

978 1516 1324 1584 vulnerati
1371 1528 1441 1584 et
1484 1515 1761 1584 mortui.
1855 1516 2103 1583 Nullus
2148 1536 2236 1583 ex
2278 1514 2571 1583 Venetis
2614 1526 2882 1603 captus,
2928 1535 3063 1582 nec
3109 1514 3383 1583 occisus
3441 1515 3601 1594 fuit,
3649 1515 3967 1602 factique
4011 1526 4169 1582 sunt
4212 1514 4484 1602 captivi
4531 1515 4686 1581 Gal-

975 1622 1123 1691 leaz
1168 1625 1257 1692 de
1303 1623 1644 1714 corrigia,
1692 1623 1941 1694 Ricius
1986 1623 2076 1691 de
2122 1622 2432 1692 Soranea
2475 1635 2546 1691 et
2605 1623 2926 1692 dominus
2985 1623 3380 1711 Jeronimus
3438 1624 3692 1694 Vastus
3757 1625 3850 1691 de
3910 1622 4229 1693 Bononia
4292 1623 4688 1711 capitaneus

977 1729 1473 1818 armigerorum
1517 1729 2082 1810 Bononiensium,
2130 1728 2250 1818 qui
2292 1729 2369 1795 in
2414 1752 2577 1797 arce
2623 1728 2997 1800 Monticuli
3045 1731 3381 1798 carcerati
3426 1731 3730 1799 fuerunt.
4731 1732 4794 1795 10

1150 1836 1416 1908 Ultima
1456 1836 1576 1906 die
1625 1836 2021 1905 decembris
2065 1836 2143 1906 in
2187 1848 2418 1917 nocte,
2468 1837 2843 1924 allogiante
2889 1836 2960 1902 in
3005 1836 3228 1926 burgo
3272 1837 3489 1928 Regij
3540 1837 3719 1906 citra
3747 1838 3996 1908 Borsio
4044 1839 4135 1905 de
4180 1837 4512 1927 Cor-rigia
4543 1856 4683 1906 com

980 1944 1212 2011 multis
1257 1943 1640 2034 armigeris.
1673 1943 1991 2012 dominus
2022 1941 2552 2011 Protonotarius
2583 1955 2654 2010 et
2685 1943 3008 2011 dominus
3038 1943 3345 2031 Jacobus
3376 1944 3665 2013 Rubeus
3698 1964 3855 2012 com
3892 1945 4082 2012 omni
4113 1964 4361 2011 eorum
4391 1945 4685 2011 exercitu

976 2062 1422 2122 accesserunt
1466 2052 1560 2120 ad
1588 2051 1817 2138 ipsum
1847 2049 2161 2138 burgum.
2256 2050 2401 2118 Sed
2430 2049 2718 2120 Borsius
2745 2051 3096 2120 advisatus
3127 2070 3286 2118 com
3317 2052 3457 2118 suis
3490 2051 3731 2132 evasit,
3762 2053 3947 2119 unde
3980 2062 4157 2121 totta
4200 2051 4458 2119 civitas
4486 2050 4678 2139 Regij

979 2168 1049 2226 et
1093 2158 1297 2228 etiam
1342 2156 1593 2226 Parme
1637 2169 1976 2226 steterunt
2002 2157 2081 2223 in
2114 2156 2346 2237 armis,
2377 2156 2754 2224 sentientes
2801 2168 3062 2225 motum
3105 2157 3601 2244 predictorum.

1159 2264 1375 2333 Venit
1417 2265 1494 2334 in
1538 2263 1794 2334 Parma
1836 2284 1968 2351 pro
2013 2262 2476 2353 gubernatore
2508 2263 2828 2331 dominus
2873 2264 3220 2334 Martinus
3269 2266 3358 2333 de
3401 2264 3620 2332 Nibia
3651 2265 3807 2334 loco
3843 2267 4111 2334 domini
4140 2265 4341 2334 Petri
4375 2266 4467 2332 de
4510 2263 4681 2331 Lan·
4726 2266 4784 2330 15

979 2371 1244 2452 driano,
1293 2371 1416 2458 qui
1459 2371 1705 2439 videns
1751 2370 2106 2438 civitatem
2152 2371 2306 2438 fore
2335 2369 2660 2456 capistris
2706 2383 2777 2438 et
2824 2370 3130 2440 discollis
3174 2372 3512 2458 repletam
3556 2385 3626 2440 et
3685 2372 4201 2442 Christoforum
4265 2374 4360 2439 de
4422 2369 4682 2458 Aplano

979 2478 1378 2566 deputatum
1421 2498 1629 2565 super
1672 2476 1874 2544 bonis
1917 2474 2325 2544 Rubeorum
2370 2476 2590 2543 fuisse
2637 2477 3088 2557 vulneratum,
3149 2478 3485 2545 famulum
3548 2479 3859 2546 occisum
3905 2492 3977 2547 et
4022 2481 4096 2546 in
4139 2478 4402 2567 plateis
4448 2479 4541 2545 de
4582 2477 4683 2544 die

977 2585 1198 2652 fuisse
1245 2585 1682 2651 commissum
1728 2603 1941 2671 penes
1986 2582 2345 2670 pallatium
2392 2602 2592 2649 suum
2635 2583 3113 2663 homicidium,
3158 2600 3559 2653 recesserat.

1154 2690 1291 2758 Per
1336 2703 1557 2760 totum
1603 2713 1856 2758 annum
1900 2703 2290 2777 presentem
2345 2690 2513 2756 1482
2557 2689 2801 2758 valluit
2841 2690 2918 2756 in
2962 2689 3214 2758 Parma
3258 2692 3541 2759 starium
3587 2694 3918 2762 frumenti
3962 2693 4164 2762 libris
4217 2693 4446 2760 tribus
4509 2703 4577 2759 et
4615 2691 4682 2756 in

988 2800 1317 2867 comitatu
1363 2797 1557 2866 libris
1601 2808 1916 2884 quatuor.
4710 2800 4778 2862 20

1156 2906 1517 2994 Regentes
1560 2914 1811 2971 statum
1856 2903 2246 2973 Mediolani
2293 2906 2868 2974 condonaverunt
2913 2906 3607 2976 Rochamblancham
3653 2908 3934 2977 domino
3970 2907 4276 2996 Johanni
4309 2905 4679 2976 Francisco

979 3011 1412 3079 Pallavicino
1457 3012 1596 3080 hoc
1641 3021 1978 3099 tempore.

1167 3285 1220 3339 4.
1257 3266 1579 3336 obviaturo]
1615 3269 1882 3324 obviatur
1916 3270 2031 3322 eod.
