4895 7066
910 509 950 585 8
2199 508 2678 588 cRoNch
2740 473 3324 586 GESTORUM
3947 515 4051 595 [A.
4092 523 4253 580 ιω
4294 530 4524 577 mmo
4562 518 4622 591 a]

910 668 2857 679 mmm-moa·---aammmommuunmn—-m-unwumn»oo-0·--n--n-ffl--u-nmn--n--u-n.
2862 668 3845 678 ...um-00·---nuu---nnuu--u-numummmc-muu--ow-o·
3851 668 4010 678 -ι-..οοοι-ι
4014 668 4241 678 mo·-

895 777 1208 863 periculo
1254 778 1637 856 sacomani3
1683 779 1808 845 sed
1877 778 2222 867 corruptis
2268 798 2438 847 auro
2486 791 2556 844 et
2601 789 2888 866 argento
2946 775 3384 864 caporalibus
3428 776 3759 863 predictis
3806 790 4171 845 evaserunt
4215 779 4444 854 illesa,
4493 776 4621 841 sed

895 878 1331 973 tamem-com
1376 885 1652 951 damno.
1745 885 2072 953 Similiter
2120 886 2322 952 etiam
2366 868 2611 963 Ebrei,
2653 883 2772 972 qui
2817 904 2975 949 com
3021 903 3188 948 auro
3235 895 3306 949 et
3337 895 3619 973 argento
3667 906 3739 950 se
3787 884 3984 951 tutati
4029 897 4205 950 sunt.

1071 991 1263 1058 Hore
1308 1004 1660 1068 consuete,
1694 992 1915 1070 tertia,
1961 1012 2145 1058 nona
2192 1004 2259 1058 et
2302 1010 2596 1077 vespere
2644 990 2736 1056 ad
2784 974 3081 1055 cbmune
3128 1011 3271 1056 non
3297 988 3660 1055 sonabant.
3752 990 4012 1057 Civitas
4057 989 4452 1078 apparebat
4497 1008 4622 1074 po-

902 1098 1039 1164 tius
1083 1099 1455 1178 infernum,
1502 1120 1709 1188 quam
1754 1099 1972 1166 aliter.
2050 1099 2303 1165 Nullus
2349 1119 2437 1164 ex
2482 1096 2751 1164 Rubeis
2783 1096 3166 1184 apparebat
3195 1118 3323 1183 per
3366 1096 3531 1163 vias.
3612 1097 3768 1163 Hoc
3816 1099 4002 1163 enim
4048 1111 4364 1184 tempore
4419 1106 4622 1162 erant

892 1205 1088 1271 nives
1132 1219 1203 1274 et
1246 1206 1493 1297 glaties
1537 1207 1675 1274 alte
1722 1218 1793 1272 et
1836 1206 2032 1272 nives
2079 1225 2164 1272 eo
2210 1226 2393 1271 anno
2439 1207 2720 1272 fuerant
2764 1207 3063 1271 maiores
3110 1226 3315 1292 quam
3374 1204 3670 1270 fuissent
3732 1205 3964 1272 multis
4007 1207 4206 1271 annis
4265 1202 4619 1280 decursis3
4703 1202 4733 1266 5

899 1326 1341 1380 excesserant
1387 1315 1571 1380 enim
1615 1312 1688 1378 in
1731 1313 1944 1399 plano
1992 1313 2428 1380 altitudinem
2472 1312 2676 1378 unius
2720 1310 2984 1398 brachij
3032 1333 3189 1377 cum
3234 1311 3541 1379 dimidio.

1075 1420 1207 1487 Die
1255 1432 1482 1486 autem
1528 1420 1730 1485 tertia
1774 1419 2012 1507 marcij
2061 1433 2305 1505 postea
2347 1430 2611 1508 sequta,
2660 1418 2730 1484 in
2781 1439 3007 1496 mane,
3057 1418 3241 1485 dicte
3302 1429 3441 1484 tres
3501 1419 3802 1506 squadre
3866 1439 4024 1485 com
4085 1416 4494 1484 forensibus
4555 1429 4623 1482 et

896 1526 1310 1617 sequacibus
1356 1547 1591 1592 eorum
1638 1547 1711 1592 se
1761 1538 2200 1592 armaverunt
2247 1538 2317 1592 et
2363 1524 2455 1591 ad
2498 1525 2802 1612 plateam
2847 1536 3314 1603 accesserunt,
3362 1525 3678 1591 timentes
3724 1525 3812 1591 de
3857 1526 4095 1592 futuro
4128 1523 4221 1591 ob
4253 1525 4522 1590 damna
4557 1535 4625 1587 et

887 1628 1167 1697 iniurias
1212 1633 1440 1699 illatas
1484 1633 1766 1699 domino
1811 1631 2236 1698 Petromarie
2284 1631 2561 1707 Rube0‚
2608 1630 2826 1710 fratri,
2874 1632 3018 1696 filio
3066 1643 3136 1697 et
3196 1630 3439 1697 amicis
3498 1631 3658 1709 suis,
3723 1651 3824 1696 ac
3856 1632 4061 1698 etiarn
4121 1643 4420 1717 propter
4481 1651 4617 1694 nu-

900 1757 1165 1802 merum
1212 1739 1620 1806 rusticorum
1667 1752 1739 1806 et
1783 1739 2228 1817 advenarum,
2275 1739 2395 1826 qui
2439 1738 2513 1803 in
2559 1738 2912 1805 civitatem
2956 1750 3294 1803 venerant
3338 1749 3408 1803 et
3454 1738 3543 1804 de
3588 1738 3764 1804 hora
3810 1737 3880 1802 in
3933 1738 4175 1803 horam
4207 1758 4340 1824 per
4374 1756 4619 1801 muros
4669 1735 4738 1798 10
4851 1728 4852 1793 3

893 1854 962 1908 et
1004 1857 1344 1930 rupturas,
1390 1846 1594 1912 etiam
1641 1867 1797 1911 com
1845 1845 2095 1924 scallis,
2144 1843 2614 1921 confluebant3
2664 1864 2753 1909 ne
2799 1843 2932 1929 ipsi
2963 1842 3168 1909 etiam
3215 1844 3304 1909 de
3351 1842 3569 1909 tribus
3614 1844 3929 1930 squadris
3974 1854 4618 1918 sacomanarentur,

886 1948 1031 2013 fieri
1078 1951 1399 2017 fecerunt
1445 1950 1674 2018 cridas
1718 1962 1916 2037 parte
1964 1950 2354 2016 officialium
2401 1962 2472 2016 et
2514 1970 2666 2015 sua:
2717 1949 2907 2035 quod
2951 1948 3418 2037 unusquisque
3465 1949 3850 2034 deponeret
3895 1970 4105 2029 arma,
4154 1968 4289 2015 nec
4319 1948 4620 2014 ulterius

472 2071 626 2120 Mun„
658 2071 736 2111 2⁵5
892 2055 1229 2141 quispiam
1297 2057 1596 2144 aliquem
1663 2068 2158 2133 sacomanaren
2205 2054 2334 2121 sub
2378 2076 2561 2142 pena
2605 2056 2979 2120 furcarum.
3074 2056 3166 2121 Et
3209 2054 3310 2120 sic
3358 2053 3622 2120 omnes'
3670 2076 3744 2120 se
3791 2055 4338 2122 disarmaverunt
4405 2066 4480 2121 et
4527 2054 4619 2120 ad

572 2189 612 2221 c.
644 2177 671 2220 ό
704 2189 734 2218 v
888 2160 1129 2247 domos
1174 2164 1550 2242 redierunt,
1596 2162 2091 2229 malecontenti
2144 2174 2375 2230 tamen
2436 2160 2686 2250 aliqui'
2733 2174 2804 2228 et
2870 2161 3085 2240 multi,
3148 2160 3268 2248 qui
3330 2159 3661 2247 optabant
3719 2162 4024 2249 reliquos
4067 2161 4362 2229 Rubeos
4410 2179 4620 2227 saco-

885 2288 1190 2335 manare.
4667 2265 4733 2329 15

1063 2375 1331 2442 Eadem
1379 2378 1494 2444 die
1542 2376 1744 2444 tertia
1787 2376 2051 2466 marcij,
2098 2388 2369 2463 sumpto
2415 2376 2729 2463 prandio,
2776 2376 2852 2441 hi
2898 2375 3258 2461 caporales
3301 2374 3503 2442 trium
3550 2375 4004 2464 squadrarum
4034 2386 4491 2442 accesserunt
4524 2374 4616 2440 ad

885 2481 1234 2562 officialeS,
1296 2496 1366 2550 et
1412 2504 1487 2550 se
1535 2495 1946 2550 excusantes
1993 2485 2082 2550 de
2131 2483 2319 2551 dicto
2366 2503 2760 2561 sacomano,
2808 2483 2898 2548 de
2947 2502 3085 2570 quo
3132 2481 3543 2547 simulabant
3593 2501 3741 2549 esse
3802 2480 4370 2559 malecontentos,
4441 2500 4616 2567 ope-

879 2590 1009 2655 rati
1079 2602 1256 2669 sunt,
1321 2591 1511 2677 quod
1574 2610 1807 2656 coram
1868 2589 2034 2676 ipsis
2097 2589 2500 2657 officialibus
2558 2589 2871 2655 nonnulli
2933 2587 3331 2677 sachegiati,
3379 2587 3496 2675 qui
3546 2609 3619 2654 se
3664 2588 4089 2655 reduxerant
4134 2588 4206 2653 in
4252 2586 4610 2664 citadella‚

881 2705 951 2760 et
997 2696 1228 2783 aliqui,
1278 2698 1395 2784 qui
1441 2718 1582 2764 non
1628 2709 1828 2763 erant
1872 2696 2297 2763 sacomanati
2365 2696 2455 2764 de
2525 2698 2827 2783 squadra
2873 2694 3147 2773 Rubea‚
3195 2707 3536 2761 venerunt
3596 2707 3666 2761 et
3725 2713 3975 2782 pacem
4038 2715 4195 2759 cum
4241 2693 4343 2760 eis
4405 2694 4612 2759 fece-

880 2816 1038 2868 runt
1085 2803 1174 2868 ad
1218 2804 1402 2870 hunc
1449 2805 1671 2869 solum
1716 2805 1944 2883 finem,
1993 2803 2156 2890 quia
2200 2804 2534 2870 timebant
2580 2803 2951 2868 adventum
2999 2801 3265 2867 domini
3321 2800 3725 2867 Petrimarie
3774 2813 3845 2867 et
3891 2812 3968 2867 ut
4011 2800 4144 2867 sibi
4175 2799 4610 2866 scriberetur
4654 2799 4731 2861 20

881 2928 970 2974 ne
1018 2911 1290 2977 veniret
1356 2923 1428 2976 et
1495 2931 1585 2975 ne
1630 2911 1982 2977 residuum
2028 2909 2437 2976 Rubeorum
2483 2923 2864 2996 poneretur
2907 2910 2980 2973 in
3024 2909 3361 2996 periculo,
3458 2906 3622 2986 Qua
3663 2930 3842 2995 pace
3887 2909 4078 2975 facta
4137 2919 4384 2975 sonate
4448 2917 4610 2972 sunt

881 3035 1217 3103 campane
1265 3016 1353 3082 de
1402 3018 1585 3083 festo
1634 3029 1704 3083 et
1749 3016 1881 3082 fuit
1926 3016 2342 3094 ordinatum,
2390 3016 2580 3104 quod
2628 3035 2868 3082 omnes
2912 3015 3231 3082 forenses
3262 3014 3616 3082 civitatem
3652 3017 3940 3093 exirent,
3976 3016 4095 3102 qui
4128 3026 4472 3081 exeuntes
4505 3012 4608 3077 in-

880 3122 1069 3187 finita
1128 3122 1312 3189 bona
1371 3134 1810 3189 sacomanata
1870 3134 2429 3210 exportaverunt.
2478 3121 2587 3189 Ac
2636 3122 2842 3188 etiam
2892 3122 3122 3189 omnia
3191 3144 3381 3188 arma
3449 3120 3679 3189 ablata
3723 3133 3883 3187 sunt
3927 3119 4245 3188 omnibus
4303 3119 4606 3213 RubeiS,

878 3251 967 3295 ne
1014 3250 1087 3295 se
1131 3242 1415 3316 possent
1462 3231 1871 3297 defendere.

1054 3336 1457 3402 Evenerant
1501 3357 1797 3423 namque
1847 3335 1937 3403 ob
1983 3348 2174 3403 tanta
2219 3337 2490 3402 scelera
2551 3349 2622 3404 et
2681 3337 3047 3425 sacrilegia
3108 3336 3322 3402 multa
3381 3335 3732 3401 miracula.
3824 3335 4006 3401 Nam
4070 3335 4234 3400 dum
4299 3334 4608 3423 quedam
4652 3328 4726 3394 25

875 3442 1120 3507 mulier
1181 3441 1272 3507 de
1335 3442 1570 3530 Gozijs
1630 3442 2125 3510 subtrhaxisset
2189 3444 2260 3508 in
2335 3444 2632 3510 ecclesia
2699 3445 2921 3509 sancti
2982 3443 3320 3531 Johannis
3363 3442 3849 3530 Evangeliste,
3921 3443 4087 3508 dum
4153 3452 4608 3509 sacomanata

879 3549 1031 3628 fuit,
1078 3571 1286 3615 unum
1335 3550 1639 3637 lapidem
1686 3573 1979 3631 sacrum,
2029 3572 2185 3617 cum
2233 3551 2366 3618 fuit
2413 3550 2624 3630 domi,
2673 3551 2907 3618 divino
2954 3551 3287 3617 miraculo
3333 3563 3552 3617 morte
3600 3549 3961 3617 subitanea
3991 3549 4288 3616 decessit
4320 3563 4392 3615 et
4424 3549 4606 3613 filius

875 3676 1037 3722 suus
1081 3655 1268 3722 illam
1314 3657 1686 3743 deplorans
1731 3657 2061 3724 dicebant
2118 3662 2147 3694 “
2175 3659 2261 3738 O,
2309 3669 2528 3724 matre
2576 3657 2747 3738 mia,
2795 3657 2862 3723 io
2926 3658 2995 3723 vi
3056 3656 3259 3724 dicea
3304 3657 3515 3724 bene:
3567 3657 3813 3723 lassate
3859 3669 4038 3723 stare
4101 3656 4333 3744 quella
4379 3656 4606 3742 preda

872 3772 1115 3827 sancta
1141 3811 1200 3843 „.
1292 3761 1493 3828 Alter
1539 3764 1720 3830 enim
1768 3765 1838 3829 in
1885 3763 2184 3830 ecclesia
2228 3775 2468 3830 sancte
2514 3764 2740 3830 Marie
2788 3763 2877 3829 de
2924 3762 3244 3851 Templo,
3307 3777 3383 3831 ut
3445 3764 3708 3829 dictum
3764 3775 3888 3842 est,
3951 3773 4415 3840 sacomanata,
4482 3758 4632 3826 ab-‘

878 3867 1167 3935 stulerat
1213 3869 1738 3936 tabernaculum
1790 3891 1943 3935 com
1990 3870 2219 3936 hostia
2264 3889 2483 3949 sacra,
2531 3891 2737 3959 quam
2786 3870 3126 3936 extrhaxit
3174 3884 3246 3937 et
3289 3891 3528 3936 versus
3591 3871 3842 3937 cellum
3905 3868 4226 3956 proiecit,
4293 3868 4602 3935 dicendo
4645 3865 4722 3928 30

885 3978 915 4010 ‘⁴
939 3974 1018 4040 Io
1065 3974 1301 4062 voglio
1348 3976 1630 4054 vedere,
1676 3997 1751 4041 se
1799 3975 2022 4042 Cristo
2068 3976 2160 4062 po
2207 3975 2473 4042 vollare
2502 4001 2570 4056 „3
2621 3977 2899 4042 domum
2946 3997 3286 4056 reversuS,
3333 3998 3407 4042 se
3454 3976 3824 4042 infirmavit
3869 3973 4180 4042 febribus
4227 3974 4601 4052 continuis,

870 4079 1002 4146 sibi
1047 4082 1349 4170 linguam
1397 4082 1721 4160 comedit,
1769 4102 1902 4149 nec
1949 4082 2174 4168 potuit
2218 4082 2496 4169 culpam
2543 4105 2735 4149 suam
2785 4083 3017 4150 dicere
3067 4094 3136 4149 et
3180 4083 3372 4148 infra
3415 4082 3716 4148 triduum
3763 4081 3956 4172 obijt.
4051 4082 4361 4161 Quidam
4428 4080 4604 4146 alius

871 4189 1210 4277 sacrilega
1254 4209 1329 4255 se
1375 4189 1743 4254 infirmavit
1808 4189 2073 4254 frenesi
2143 4201 2213 4254 et
2278 4190 2541 4255 lectum
2612 4190 2850 4257 exiens
2912 4210 2986 4255 se
3047 4189 3507 4276 precipitavit.
3601 4189 3799 4254 Unus
3861 4188 4157 4276 armiger
4206 4187 4434 4253 dictus
4478 4191 4508 4222 “
4534 4186 4599 4251 el

868 4300 1085 4360 matto
1113 4342 1142 4374 „
1199 4295 1290 4361 de
1337 4295 1691 4361 comittiva
1735 4294 1997 4360 domini
2040 4293 2359 4373 Roberti,
2408 4297 2531 4382 qui
2574 4296 2648 4360 in
2694 4296 2899 4363 dictis
2961 4295 3412 4361 ecclesiarum
3474 4294 3718 4385 spolijs
3764 4295 4015 4373 fuerat,
4062 4293 4194 4360 ivit
4256 4292 4331 4358 in
4395 4313 4601 4360 exer-

870 4402 1014 4467 citu
1061 4402 1506 4488 januensium
1554 4414 1798 4469 contra
1859 4402 2477 4482 Petramsanctam,
2526 4403 2691 4468 dum
2736 4424 2877 4469 una
2921 4402 3296 4489 spingarda
3339 4402 3792 4488 proiceretur,
3841 4402 3969 4468 sibi
4017 4413 4226 4487 caput
4287 4421 4330 4465 a
4391 4400 4596 4466 busto
4639 4392 4716 4461 35

871 4509 1275 4595 exportavit.
1368 4509 1704 4576 Nonnulli
1765 4509 1975 4598 variJ's
2037 4522 2107 4574 et
2150 4508 2645 4575 insanabilibus
2690 4509 3196 4599 egritudinibus
3252 4509 3492 4575 affecti
3537 4521 3715 4587 sunt,
3761 4529 3844 4574 ac
3890 4507 4113 4574 varias
4160 4507 4485 4574 crudeles
4531 4519 4600 4572 et

871 4614 1137 4680 subitas
1183 4627 1440 4682 mortes
1486 4616 1906 4694 incurerunt,
1956 4627 2166 4702 prout
2219 4615 2509 4683 inferius
2552 4615 2840 4703 patebit.

506 4750 545 4779 c.
576 4748 600 4786 7
629 4750 656 4778 r
1044 4721 1227 4786 Dum
1255 4735 1647 4808 portaretur
1679 4722 1768 4788 ad
1800 4722 2225 4808 sepulturam
2259 4721 2330 4788 in
2362 4722 2661 4788 ecclesia
2691 4722 2911 4789 sancti
2932 4721 3181 4810 Jacobi
3206 4722 3294 4786 de
3321 4721 3566 4807 Capite
3598 4721 3869 4788 Pontis'
3902 4721 4205 4787 cadaver
4237 4721 4596 4787 cuiusdam

867 4827 1212 4913 pauperis,
1262 4848 1486 4915 eoque
1532 4839 1698 4894 tunc
1756 4842 2320 4895 sacomanaretur
2386 4829 2632 4895 domus
2689 4828 3014 4917 Jacobini
3077 4827 3165 4894 de
3231 4828 3454 4917 Sgays
3517 4828 3646 4894 sita
3707 4849 3796 4893 ex
3856 4827 4179 4914 opposito
4242 4828 4428 4894 dicte
4476 4847 4593 4894 ec-

872 4934 1103 5013 clesie,
1151 4934 1374 5020 ipsum
1421 4937 1727 5003 cadaver
1772 4936 2104 5015 ferenteS,
2152 4935 2346 5001 illum
2391 4936 2862 5022 deposuerunt
2908 4936 2980 5000 in
3024 4936 3256 5002 media
3315 4937 3450 5014 via,
3527 4948 3597 5001 et
3657 4936 3795 5002 duo
3843 4936 3959 5024 filij
4011 4935 4262 5002 mortui
4307 4947 4593 5022 portan-
4637 4931 4715 4995 40

869 5052 973 5108 tes
1019 5052 1089 5107 et
1137 5042 1576 5120 associantes,
1626 5041 1905 5108 dimisso
1953 5041 2049 5107 ibi
2092 5063 2221 5129 per
2264 5055 2523 5110 terram
2571 5053 2641 5108 et
2688 5043 2759 5106 in
2820 5043 2933 5109 via
2995 5063 3311 5130 corpore,
3376 5043 3803 5109 intraverunt
3864 5043 4126 5109 dictam
4172 5041 4453 5109 domum
4501 5039 4593 5107 ad

868 5149 1474 5214 sacomanandum.

1051 5252 1336 5322 Accidit
1383 5255 1590 5322 etiam
1636 5256 1827 5344 quod
1875 5257 2037 5322 dum
2088 5257 2368 5344 quidam
2413 5257 2735 5336 forensis,
2784 5256 2904 5344 qui
2950 5258 3250 5324 affuerat
3295 5258 3370 5322 in
3416 5257 3784 5344 sacrilegio
3848 5256 4144 5322 ecclesie
4208 5255 4427 5323 sancti
4466 5256 4590 5344 Jo-

867 5361 1113 5427 hannis
1160 5373 1229 5427 et
1276 5360 1739 5429 derobaverat
1786 5384 1997 5427 unum
2047 5362 2358 5442 calicem,
2406 5385 2614 5450 quem
2686 5384 2843 5429 cum
2914 5364 3099 5429 feret
3142 5363 3540 5441 Novariam,
3599 5364 3786 5428 unde
3849 5374 4017 5441 erat,
4083 5384 4240 5429 cum
4305 5362 4593 5449 aplicuit

866 5467 957 5533 ad
1002 5481 1272 5555 portam
1320 5469 1647 5546 Novarie‚
1693 5469 2061 5556 requisitus
2109 5490 2149 5534 a
2195 5470 2524 5561 datiarijs,
2573 5470 2629 5535 si
2675 5472 2844 5557 quid
2890 5468 3216 5549 habebat,
3264 5469 3453 5557 quod
3499 5470 3801 5536 solveret
3831 5469 4114 5548 datium,
4147 5470 4261 5535 hic
4294 5490 4584 5556 respon·
4632 5460 4706 5529 45

865 5575 985 5653 dit,
1048 5576 1236 5661 quod
1298 5596 1459 5641 non.
1550 5575 1835 5666 Datiarij
1901 5577 2414 5662 perpendentes
2490 5578 2677 5643 hunc
2740 5577 3090 5643 hominem
3155 5576 3414 5663 aliquid
3477 5577 3602 5644 sub
3664 5575 3961 5643 clamide
4023 5588 4334 5666 gestare,
4397 5575 4589 5642 illum

862 5682 1423 5769 perquisiverunt
1470 5694 1541 5749 et
1586 5682 1833 5749 callice
1880 5694 2177 5768 repert0,
2224 5682 2361 5749 sibi
2407 5683 2600 5749 illum
2648 5683 3101 5762 abstulerunt,
3148 5682 3268 5771 qui
3311 5704 3387 5748 se
3435 5682 3813 5749 lamentans
3856 5683 4246 5769 requisitus,
4277 5682 4398 5749 ubi
4428 5702 4587 5748 eum

861 5788 1218 5869 habuerat,
1267 5788 1442 5856 dixit
1469 5810 1543 5855 se
1591 5788 1828 5855 venire
1877 5810 1918 5854 a
1966 5788 2243 5855 civitate
2290 5788 2556 5856 Parme.
2636 5792 2850 5856 Fama
2907 5792 3048 5880 jam
3112 5802 3259 5855 erat
3327 5789 3585 5876 ubique
3653 5788 4008 5878 divulgata
4077 5789 4166 5855 de
4213 5809 4588 5855 sacomano

859 5905 1197 5978 pretactO.
1289 5895 1789 5973 Vaticinantes,
1836 5907 2042 5981 prout
2091 5907 2258 5973 erat,
2305 5916 2456 5960 rem
2506 5917 2653 5962 esse
2702 5897 3050 5975 furtivam,
3100 5896 3287 5962 illum
3337 5897 3680 5962 duxerunt
3727 5896 3816 5961 ad
3846 5907 4280 5983 potestatem,
4316 5895 4435 5984 qui
4464 5919 4590 5963 ve-

861 6000 1063 6068 ritate
1109 6002 1212 6068 rei
1259 6013 1620 6088 comperta
1663 6003 1850 6070 hunc
1896 6002 2126 6068 furem
2172 6001 2263 6067 ad
2308 6004 2549 6068 furcas
2581 6003 2887 6089 appendi
2934 6004 3130 6070 fecit.
4629 5997 4705 6063 50
