4895 7066
525 2470 662 2513 Mun.

673 2471 790 2521 ,³⁵2

598 3319 786 3362 c.8l›r

567 5554 749 5599 c.86v

951 477 1050 553 80
2127 480 2606 553 CRONICA
2665 478 3245 552 GESTORUM
4049 484 4154 555 [A.
4197 489 4365 542 1480
4403 475 4666 545 ottobre]

944 626 4654 641 mommunmnnm.....ann-0·-uun-...-nnn-..uunquam----q---un-un-nmmnmo-eun-uon·-noanon-mauman„-”nauseam-...nouanunna-0⁴00·-t-nnemun-uu......o-...-ono-..nu-„nnm-m--mumn-omfflmffl

1119 743 1401 831 Scripte
1445 755 1604 811 sunt
1647 765 1737 810 ex
1778 742 2101 834 Venetijs
2145 742 2395 822 littere,
2445 743 2776 831 qualliter,
2813 741 3083 810 Turchi
3129 760 3285 810 com
3332 740 3631 808 maximo
3675 740 3952 831 agmine
3993 739 4255 807 reversi
4299 750 4463 806 sunt
4507 740 4662 806 Ro-

943 851 1127 931 dum,
1174 853 1301 919 sed
1345 851 1702 918 dubitatur
1746 870 1867 917 eos
1909 850 2151 917 venire
2197 850 2274 914 in
2316 848 2616 937 Apulea.

1120 959 1422 1026 Extante
1467 958 1788 1045 prefacto
1836 957 2116 1025 domino
2148 954 2461 1024 Antonio
2492 956 2785 1023 Tassino
2818 956 2891 1021 in
2921 957 3089 1023 flore
3122 956 3399 1023 fortune
3431 978 3574 1035 sue,
3606 956 3940 1043 quicquid
3968 956 4227 1033 volens,
4259 953 4660 1029 obtinebat;

942 1073 1012 1130 et
1058 1064 1115 1130 si
1162 1065 1331 1152 quid
1374 1066 1448 1131 in
1496 1064 1786 1131 consilio
1833 1074 2050 1131 status
2109 1063 2579 1144 ordinabatur,
2642 1062 2831 1150 quod
2890 1061 3130 1140 nollet,
3177 1065 3325 1149 ipse
3373 1063 3518 1130 ibat
3575 1062 3648 1127 in
3711 1062 4022 1140 consilio,
4085 1062 4363 1128 dicens:
4438 1065 4471 1097 ‘⁶
4496 1060 4667 1126 nlu-

952 1174 982 1207 “
1003 1171 1335 1238 sti-issima
1381 1172 1665 1240 domina
1695 1171 1975 1238 ducissa
2003 1169 2155 1238 vult
2182 1171 2285 1236 sic
2312 1205 2371 1251 ᾗ.
2465 1170 2556 1237 Et
2585 1170 2717 1236 fuit
2748 1170 2889 1249 ille,
2925 1170 3044 1257 qui
3082 1189 3356 1235 omnem
3403 1190 3682 1256 operam
3717 1168 4037 1235 adhibuit
4079 1189 4207 1256 pro
4253 1179 4547 1255 captura
4590 1179 4666 1234 et
4763 1168 4802 1231 5

942 1277 1379 1364 depositione
1424 1278 1689 1344 domini
1731 1277 1954 1345 Cichi.

1119 1385 1299 1450 Dum
1327 1383 1642 1451 omnibus
1665 1384 2027 1451 sallariatis
2056 1397 2559 1452 summerentur
2590 1396 2731 1452 tres
2759 1405 2961 1474 page,
2994 1405 3082 1450 ne
3116 1385 3411 1451 erarium
3444 1395 3515 1450 et
3540 1384 3829 1472 phiscus
3857 1385 4349 1461 minuerentur,
4374 1381 4664 1471 quidam

939 1492 1303 1580 Januensis
1350 1491 1665 1557 dominus
1708 1491 1940 1558 Lucas
1985 1492 2382 1559 Grimaldus
2429 1492 2682 1558 doctor
2727 1492 3140 1557 clarissimus
3187 1503 3262 1558 et
3305 1491 3569 1559 ducalis
3615 1490 4045 1558 consiliarius
4092 1490 4362 1579 consilij
4397 1490 4662 1556 secreti

940 1619 1156 1686 usque
1200 1609 1510 1685 tempore
1558 1598 1761 1664 ducis
1795 1597 2080 1664 Galleaz
2110 1599 2484 1685 deputatus
2529 1609 2599 1664 et
2642 1599 2848 1664 homo
2897 1609 3150 1676 rectus,
3199 1599 3523 1685 quoniam
3570 1599 3663 1664 ad
3708 1598 4122 1684 presentiam
4165 1597 4488 1683 prefacte
4527 1597 4662 1663 do-

936 1706 1125 1772 mine
1171 1705 1441 1778 ducisse
1487 1704 1757 1771 dixerat
1800 1706 1954 1771 fore
2001 1705 2285 1791 aliquos,
2349 1706 2469 1793 qui
2528 1706 2813 1772 intratas
2857 1706 3146 1772 ducales
3188 1705 3529 1772 inutiliter
3575 1704 4092 1784 consumebant,
4153 1704 4269 1769 hic
4331 1703 4662 1770 dominus
4718 1706 4802 1768 10

939 1811 1285 1880 Antonius
1328 1812 1662 1878 Tassinus
1707 1811 1780 1878 id
1809 1813 2165 1899 suspicans
2195 1833 2323 1899 pro
2354 1833 2430 1880 se
2464 1812 2628 1891 dici,
2660 1813 2856 1877 illum
2886 1814 3119 1898 expuli
3151 1812 3239 1879 de
3272 1813 3465 1879 dicto
3514 1811 3830 1880 consillio
3876 1823 3945 1878 et
3973 1813 4270 1900 Januam
4299 1810 4659 1898 proficisci

939 1920 1331 2006 vituperose
1380 1930 1449 1985 et
1493 1917 1860 1984 insalutato
1906 1919 2179 2005 hospite
2228 1919 2528 2006 cohegit.
2621 1918 2792 1986 Erat
2853 1918 2969 1984 hic
3032 1920 3309 2007 quidem
3371 1918 3703 1985 Tassinus
3761 1930 3950 1985 tante
3997 1919 4418 2006 arrogantie,
4466 1917 4664 2005 quod

941 2026 1151 2094 unica
1199 2026 1316 2091 die
1364 2023 1794 2091 vestiebatur
1838 2024 2134 2112 trigenta
2164 2025 2457 2091 diversis
2485 2025 2810 2104 vestibus,
2835 2026 3023 2091 inter
3054 2047 3226 2113 quas
3256 2025 3546 2092 aderant
3577 2047 3664 2090 ex
3693 2025 4000 2092 vestibus
4028 2037 4100 2091 et
4131 2025 4423 2092 collanis
4453 2024 4660 2091 ducis

942 2132 1201 2220 Galeaz
1219 2157 1238 2209 3
1287 2153 1584 2219 cumque
1613 2132 1906 2199 haberet
1948 2132 2022 2197 in
2067 2130 2382 2198 manibus
2414 2132 2882 2222 contrasignia
2914 2132 3269 2200 ducalium
3300 2132 3816 2209 fortiliciorum,
3862 2131 4081 2198 voluit
4126 2130 4469 2217 deputare
4503 2131 4660 2196 eius

937 2250 1205 2325 patrem
1249 2239 1321 2306 in
1367 2237 1817 2307 castellanum
1862 2238 2041 2305 arcis
2084 2249 2155 2304 et
2196 2240 2483 2306 rochete
2529 2239 2738 2306 Porte
2782 2238 3010 2326 Jovis3
3046 2239 3172 2305 sed
3202 2238 3572 2325 prudentia
3616 2239 3870 2304 veteris
3901 2250 3971 2304 et
3999 2237 4123 2304 fidi
4155 2236 4256 2304 ibi
4291 2237 4660 2304 castellani
4716 2236 4790 2303 15

938 2345 1200 2432 Filippi
1249 2345 1654 2435 Heustachij
1704 2344 2088 2431 Papiensis,
2133 2344 2212 2410 id
2257 2364 2399 2411 non
2447 2357 2550 2412 est
2595 2344 2875 2412 sortitus
2919 2347 3273 2412 effectum.

1118 2453 1280 2519 Rex
1329 2451 1835 2530 Ferdinandus,
1884 2452 2004 2539 qui
2036 2472 2222 2518 anno
2256 2471 2458 2518 curso
2489 2462 2638 2518 erat
2667 2472 2824 2519 com
2856 2452 3175 2519 Ecclesia
3205 2452 3569 2540 colligatus
3599 2463 3672 2518 et
3701 2453 3916 2520 modo
3948 2451 4339 2531 dissolutus,
4371 2451 4654 2518 vi'dens

940 2581 1016 2624 se
1066 2581 1108 2623 a
1150 2558 1454 2625 Turchis
1498 2556 1954 2636 damnificari,
2000 2580 2043 2624 a
2088 2558 2364 2624 nemine
2411 2558 2687 2624 adiutus
2722 2570 2791 2624 et
2822 2558 3139 2624 omnibus
3186 2578 3435 2625 exosus
3461 2570 3752 2645 propter
3784 2559 3933 2625 eius
3963 2558 4304 2624 inauditas
4349 2557 4663 2625 crudeli-

940 2677 1142 2745 tates,
1189 2664 1462 2752 scripsit
1507 2664 1825 2732 omnibus
1871 2664 2345 2731 cardinalibus
2390 2665 2640 2744 Rome,
2689 2666 2876 2752 quod
2922 2664 3022 2730 illi
3069 2677 3313 2751 contra
3355 2667 3675 2731 Teucros
3706 2666 4230 2742 auxiliarentur3
4264 2686 4393 2729 nec
4423 2663 4659 2731 voluit

938 2771 1255 2858 pontifici
1277 2772 1604 2849 scribere,
1631 2792 1945 2838 asserens
1976 2771 2169 2837 illum
2195 2772 2347 2838 fore
2371 2772 2643 2838 Turchi
2675 2771 3136 2838 feudatarium
3161 2784 3452 2858 propter
3472 2772 3989 2861 colligationem
4011 2793 4139 2858 per
4162 2793 4318 2838 eum
4341 2769 4656 2837 habitam
4705 2773 4791 2835 20

940 2896 1094 2943 com
1143 2878 1429 2944 Venetis
1473 2877 1761 2943 Turcho
1806 2876 2280 2943 amicantibus.
2371 2875 2699 2944 Attamen
2732 2876 3097 2944 abauditus
3127 2878 3262 2942 fuit
3293 2889 3363 2944 et
3407 2878 3658 2944 Veneti
3703 2878 4070 2943 maximam
4113 2877 4495 2967 gallearum
4542 2897 4659 2941 ar-

939 2995 1191 3049 matam
1237 2983 1608 3049 misserunt
1652 2983 1727 3047 in
1770 2994 1980 3069 portu
2024 2983 2250 3048 insule
2296 2983 2539 3062 Corfu,
2587 2984 2774 3070 quod
2820 2984 3209 3069 suspicatur
3269 2995 3518 3063 actum,
3574 2995 3652 3049 ut
3714 2984 4111 3051 obviaretur
4154 2994 4416 3050 armate
4465 2982 4648 3050 dicti

941 3090 1146 3179 regis,
1193 3109 1283 3156 ne
1329 3090 1502 3155 citra
1533 3092 1787 3157 Farum
1822 3090 1892 3154 in
1922 3091 2097 3156 mari
2124 3089 2494 3157 Adriatico
2529 3101 2769 3157 contra
2798 3090 3116 3157 Teucros
3147 3092 3402 3169 veniat,
3435 3092 3555 3178 qui
3584 3091 3845 3156 Teucri
3873 3092 3947 3156 in
3981 3090 4133 3156 dies
4161 3090 4379 3178 magis
4424 3092 4656 3176 ipsum

936 3216 1173 3284 regem
1219 3197 1702 3275 damnificant3
1749 3198 2116 3263 instantem
2163 3197 2490 3263 continue
2535 3218 2854 3285 guerram
2900 3197 3124 3283 rompi
3169 3197 3455 3264 Venetis
3499 3217 3626 3284 per
3671 3209 3919 3265 statum
3963 3196 4375 3263 Mediolani.

1119 3302 1438 3370 Summus
1479 3303 1804 3389 pontifex
1851 3322 2143 3369 cernens
2186 3302 2507 3369 Turchos
2538 3303 2609 3367 in
2639 3303 2794 3369 dies
2821 3305 3297 3390 prosper-iores
3341 3304 3495 3369 fore
3527 3304 3598 3369 in
3627 3301 3903 3390 Apulea
3934 3313 4177 3369 contra
4209 3322 4445 3391 regem
4473 3304 4654 3370 Fer·
4700 3301 4782 3367 25

943 3408 1342 3488 dinandum,
1388 3408 1668 3496 scripsit
1711 3409 1976 3475 litteras
2021 3408 2338 3476 omnibus
2383 3409 2854 3496 potentatibus
2900 3409 3276 3476 christiane
3329 3411 3708 3500 religionis,
3754 3410 3944 3498 quod
4006 3410 4278 3475 insimul
4337 3410 4656 3476 fraterne

938 3516 1193 3594 vivant,
1242 3516 1674 3602 deponentes
1719 3515 2174 3583 emulationes
2218 3527 2288 3582 et
2333 3515 2537 3596 rixas,
2584 3517 2928 3615 quodque²
2960 3517 3186 3583 nullus
3217 3518 3468 3585 audeat
3500 3529 3745 3599 contra
3775 3517 4065 3584 alterum
4098 3517 4475 3604 insurgere,
4512 3538 4651 3583 nec

940 3644 1131 3689 arma
1176 3642 1428 3710 capere
1471 3623 1599 3689 sub
1644 3643 1829 3709 pena
1875 3623 2555 3703 excomunicationis,
2617 3645 2931 3690 asserens
2990 3644 3064 3691 se
3125 3625 3431 3692 mississe
3492 3627 3568 3690 in
3624 3625 3850 3691 insula
3910 3623 4158 3691 Cicilie
4218 3646 4431 3689 unum
4492 3646 4654 3691 car-

941 3729 1269 3809 dinalem,
1315 3728 1612 3817 populos
1655 3730 1837 3795 illius
1882 3731 2078 3819 regni
2125 3730 2571 3797 incitaturum
2616 3731 2709 3797 ad
2754 3730 3240 3798 defensionem
3285 3732 3487 3820 regni
3538 3724 3755 3818 ipsius
3801 3741 4046 3797 contra
4090 3731 4423 3809 Teucros,
4469 3752 4655 3819 quos

939 3837 1183 3903 asserit
1226 3857 1311 3902 ea
1355 3836 1489 3916 die,
1538 3858 1676 3924 qua
1723 3848 2057 3922 ceperunt
2120 3837 2465 3903 civitatem
2526 3836 2829 3915 Otronti,
2895 3837 3282 3924 repet-uisse
3328 3838 3927 3925 archiepiscopum
3975 3856 4135 3904 com
4181 3836 4656 3903 sacratissimo
4700 3838 4780 3901 30

840 4001 847 4005 .
942 3962 1237 4028 corpore
1274 3941 1529 4009 Christi
1575 3954 1644 4009 et
1690 3962 1845 4009 com
1876 3942 2064 4008 omni
2095 3943 2286 4009 clero
2314 3943 2389 4008 in
2422 3943 2727 4010 ecclesia
2755 3944 3361 4029 processionaliter
3389 3945 3614 4010 Deum
3648 3944 4144 4031 deprecantem
4187 3962 4317 4030 pro
4347 3941 4649 4008 tuitione

937 4047 1132 4115 urbis
1178 4059 1248 4115 et
1290 4048 1514 4135 ipsum
1561 4068 1718 4115 com
1762 4070 1955 4115 serra
1999 4050 2252 4116 fecisse
2296 4048 2490 4128 serri,
2534 4062 2741 4136 prout
2786 4062 3014 4119 sectus
3059 4051 3192 4116 fuit
3236 4050 3505 4140 Isayas3
3554 4063 3624 4117 et
3670 4070 3912 4116 omnes
3961 4049 4408 4138 presbyteros
4451 4060 4652 4115 trun-

940 4176 1153 4235 casse,
1200 4166 1554 4243 totamque
1598 4157 1839 4224 urbem
1869 4157 1940 4221 in
1969 4156 2260 4243 predam
2294 4157 2580 4224 vertisse
2597 4181 2615 4234 ς
2651 4157 3014 4244 ipsumque
3047 4158 3407 4223 Turchum
3440 4158 3714 4224 noviter
3758 4159 3833 4222 in
3878 4157 4225 4244 provintia
4258 4155 4658 4242 Simpotina

933 4262 1180 4329 urbem
1227 4263 1601 4330 Vestanam
1647 4282 2114 4352 expugnasse3
2163 4284 2632 4350 asserensque,
2694 4286 2938 4330 navem
3002 4264 3352 4332 frumento
3414 4276 3746 4343 onustam,
3793 4264 4020 4351 pridie
4066 4285 4270 4352 quam
4322 4263 4657 4328 Turchus

938 4380 1162 4435 castra
1204 4368 1397 4436 Rodi
1426 4369 1787 4455 posuisset,
1818 4370 2104 4436 Rodum
2136 4391 2291 4436 com
2324 4370 2569 4436 sallute
2602 4371 3037 4457 applicuisse,
3074 4390 3158 4437 ac
3190 4371 3364 4436 duas
3394 4370 3562 4437 alias
3592 4391 3809 4436 naves
3837 4392 3968 4457 per
3994 4371 4379 4458 Januenses
4408 4370 4657 4435 missas
4700 4366 4778 4433 35

936 4475 1133 4543 Rodi
1195 4476 1400 4541 armis
1461 4488 1761 4556 onustas,
1808 4477 2038 4542 illesas
2085 4477 2347 4544 dictum
2392 4490 2667 4563 portum
2713 4478 3023 4573 intrasse.
3114 4478 3545 4565 Asseritque‚
3578 4477 3769 4564 ipsos
3797 4478 4121 4544 Turchos
4162 4477 4235 4541 in
4280 4475 4653 4564 utrobique

935 4582 1247 4648 locorum
1291 4582 1635 4649 dictorum
1680 4584 2025 4650 inauditas
2072 4584 2517 4651 crudelitates
2562 4585 2636 4648 in
2683 4584 3094 4652 christianos
3144 4586 3551 4651 exercuisse.

1115 4688 1310 4755 Idem
1332 4672 1680 4776 ¹pontifex
1723 4691 2041 4757 misertus
2087 4690 2618 4758 callamitatibus
2665 4691 3171 4772 Rodianorum,
3236 4692 3555 4782 ecclesijs
3600 4692 3887 4780 singulis
3934 4691 4196 4758 ordinis
4239 4689 4423 4756 illius
4468 4689 4656 4764 ultra

941 4795 1110 4861 alias
1154 4795 1624 4884 indulgentias
1671 4817 2055 4877 concessas,
2102 4797 2332 4863 denuo
2380 4809 2453 4864 et
2499 4799 2589 4864 de
2635 4798 2910 4884 spetiali
2956 4800 3181 4886 gratia
3224 4800 3571 4866 concessit
3614 4800 4089 4866 remissionem
4142 4796 4525 4884 plenariam
4574 4797 4652 4863 in

936 4901 1319 4968 subsidium
1364 4924 1603 4968 manus
1635 4903 2012 4970 adiutrices
2044 4904 2585 4991 porrigentibus,
2619 4905 2708 4969 de
2739 4904 3283 4993 quibuscumque
3331 4905 3604 4973 casibus
3650 4907 3807 4972 sedi
3838 4904 4226 4992 apostolice
4257 4904 4653 4971 reservatis,
4702 4906 4779 4969 40

1125 5009 1336 5076 Circa
1380 5009 1686 5074 medium
1731 5011 1988 5076 mensis
2033 5010 2336 5077 octobris
2393 5012 2561 5076 1480
2607 5010 3100 5076 illustrissimus
3164 5011 3479 5078 dominus
3543 5014 3683 5078 dux
3725 5010 4113 5078 Mediolani
4160 5010 4518 5096 deputavit
4561 5011 4657 5076 ad

937 5114 1300 5181 consilium
1344 5117 1450 5181 sui
1496 5127 1713 5183 status
1762 5117 2117 5183 dominum
2162 5116 2553 5204 Johannem
2599 5118 3050 5185 Franciscum
3093 5118 3594 5184 Pallavicinum
3625 5130 3695 5186 et
3724 5118 3939 5185 modo
3969 5117 4045 5182 in
4079 5136 4163 5183 eo
4207 5116 4655 5202 reperiuntur

939 5234 1080 5289 tres
1129 5222 1384 5288 fratres
1433 5219 1869 5301 pallavicini,
1916 5223 2146 5289 silicet
2207 5224 2526 5290 dominus
2587 5224 3054 5291 Pallavicinus
3118 5225 3292 5291 alter
3339 5245 3427 5290 ex
3472 5223 4016 5314 gubernantibus
4061 5223 4476 5309 principem,
4524 5222 4654 5288 do-

936 5326 1161 5393 minus
1206 5327 1559 5415 johannes
1602 5327 2004 5397 Ludovicus
2036 5341 2108 5396 et
2138 5330 2456 5396 dominus
2490 5329 2841 5417 Johannes
2870 5331 3305 5398 Franciscus.
3397 5330 4003 5417 Illustrissimaque
4049 5329 4328 5396 domina
4372 5328 4654 5395 ducissa

936 5433 1325 5500 Mediolani
1376 5435 1608 5502 adhuc
1652 5434 1907 5502 Abiate
1955 5448 2078 5515 est,
2126 5447 2203 5501 ut
2242 5436 2446 5519 dicit,
2495 5435 2598 5501 ibi
2643 5437 3129 5503 rescidentiam
3175 5439 3470 5505 factura.
4701 5435 4774 5502 45

1046 5566 1053 5573 ⁸
1113 5541 1407 5608 Decimo
1453 5542 1752 5628 septimo
1800 5541 2105 5608 octobris
2151 5542 2422 5607 reddite
2471 5552 2630 5608 sunt
2675 5564 2762 5607 ex
2805 5543 3038 5610 Roma
3099 5542 3321 5611 littere
3366 5545 3775 5631 quibusdam
3826 5543 4093 5611 civibus
4135 5543 4410 5621 Parme,
4455 5542 4652 5630 qual-

938 5645 1095 5712 liter
1138 5668 1262 5712 rex
1304 5648 1789 5715 Ferdinandus
1850 5661 2039 5716 terra
2094 5648 2402 5735 marique
2467 5647 2783 5715 obsessos
2839 5651 3120 5718 tenebat
3163 5650 3237 5715 in
3285 5652 3565 5718 civitate
3627 5651 3984 5717 Idrontina
4038 5649 4310 5737 Apulee
4373 5649 4652 5716 decem-

939 5752 1130 5819 mille
1181 5772 1269 5819 ex
1314 5754 1637 5835 Turchis,
1686 5756 1800 5842 qui
1850 5755 2198 5821 civitatem
2229 5754 2452 5841 ipsam
2487 5766 2642 5821 sunt
2689 5756 3086 5843 depopulati
3136 5768 3205 5822 et
3248 5757 3322 5821 in
3370 5777 3452 5822 ea
3498 5756 3854 5823 fortificati
3900 5769 3970 5823 et
4017 5758 4204 5844 quod
4248 5756 4470 5821 Turci
4518 5755 4654 5842 ipsi

935 5870 1195 5926 restant
1241 5862 1546 5927 contenti
1595 5861 1944 5928 civitatem
1988 5862 2365 5940 restituere,
2415 5862 2788 5928 dummodo
2834 5863 2980 5928 vita
3024 5862 3160 5929 illis
3209 5864 3665 5944 condonetur,
3700 5865 3824 5933 sed
3861 5865 4052 5952 quod
4099 5884 4224 5928 rex
4251 5862 4426 5949 petit
4457 5863 4653 5929 dam-

936 5984 1099 6035 num
1144 5986 1338 6035 suum
1386 5965 1474 6032 de
1523 5977 1685 6041 octo
1732 5978 2012 6034 centum
2057 5965 2247 6042 mille
2294 5968 2545 6045 aureiS‚
2592 5968 2793 6035 aliter
2837 5969 3026 6059 quod
3073 5989 3194 6035 eos
3237 5991 3455 6067 usque
3501 5970 3593 6036 ad
3636 5991 3847 6039 unum
3894 5970 4039 6037 vult
4087 5967 4516 6035 obtruncari.
4703 5970 4775 6035 50

1672 6317 1697 6351 Ι
