4895 7066
466 2284 516 2324 Μ
522 2294 604 2328 us.

610 2283 734 2333 ,320

539 2507 582 2541 C.
607 2505 730 2546 59⁴⁶

896 506 992 583 56
2187 492 2666 585 cRo'NJCA
2726 506 3312 584 GESTORUM
3415 502 3428 509 “
3569 460 3570 463 Ὺ
3897 521 4004 593 [a
4042 523 4210 581 14⁷9
4249 520 4598 594 aem]

894 665 1043 675 m

1335 664 1875 676 “mmmm-m
1879 665 2504 676 nto-ammone—--n---aou—-uo--ffl
2508 664 3738 676 -mmm-mmnfflmmufflm

895 774 1068 840 alias
1110 787 1414 843 remotus
1457 777 1689 844 fuerat
1748 798 1793 845 a
1852 760 2294 863 capitaneatu
2355 776 2564 844 castri
2626 774 2834 843 Porte
2880 776 3094 864 Jovis,
3155 775 3509 842 restitutus
3568 774 3703 841 fuit
3767 775 3856 841 ad
3919 775 4286 861 pristinum
4342 776 4600 841 locum.

899 879 1334 949 Intraverunt
1381 902 1658 970 quoque
1705 882 1781 948 in
1825 881 2230 951 Mediolano
2291 883 2434 948 dux
2495 882 2838 949 Hercules
2900 892 2970 947 et
3031 881 3353 948 dominus
3412 880 3766 948 Robertus
3825 879 4007 948 bene
4051 881 4183 948 visi
4227 903 4272 949 a
4311 879 4602 967 populo.

887 984 1258 1055 Licentiati
1302 988 1565 1074 pariter
1606 999 1768 1055 sunt
1810 989 2003 1055 cives
2045 987 2297 1055 Parme
2328 988 2502 1057 alias
2532 988 2824 1077 relegati
2857 986 2930 1052 in
2959 986 3386 1066 Mediolano,
3416 998 3494 1053 ut
3525 987 3850 1054 venirent
3880 986 4200 1055 Parmam
4233 988 4325 1053 ad
4353 1006 4601 1054 eorum

888 1091 1183 1161 libitum.
1258 1095 1585 1164 'vocatus
1629 1096 1839 1163 etiam
1884 1095 2020 1162 fuit
2051 1094 2442 1163 Mediolani
2476 1094 2850 1181 epiecopus
2880 1093 3294 1161 Parmensis.
3388 1093 3931 1181 Requisiverunt
3961 1093 4173 1161 etiam
4203 1093 4601 1161 zanninum

890 1198 1287 1282 Barbatum,
1335 1202 1527 1289 quod
1571 1201 1707 1269 iret
1753 1202 1845 1268 ad
1889 1201 2244 1289 principes
2288 1212 2581 1269 nostros.
2673 1201 2902 1269 Causa
2963 1200 3118 1280 fuit,
3180 1200 3344 1289 quia
3406 1200 3599 1269 cives
3656 1200 3886 1287 pridie
3933 1200 4123 1286 capti
4171 1211 4240 1267 et
4281 1200 4485 1267 ducti
4530 1198 4602 1263 in
4692 1197 4731 1262 5

898 1317 1125 1377 castro
1172 1307 1537 1388 Cremone,
1580 1307 1934 1398 negabant
1976 1329 2051 1375 se
2098 1308 2274 1375 nihil
2304 1308 2726 1394 proditionis
2758 1307 3217 1385 commisisse;
3267 1318 3337 1375 et
3367 1308 3783 1376 Franciscus
3830 1308 3921 1375 de
3965 1304 4193 1393 Ricijs
4219 1307 4312 1375 de
4343 1306 4602 1372 Parma

878 1412 1156 1483 illorum
1202 1427 1563 1483 8881188101·
1604 1413 1910 1495 dicebat,
1954 1434 2079 1483 eos
2120 1434 2485 1481 accusasse
2529 1414 2974 1503 instigatione
3020 1413 3199 1482 dicti
3230 1413 3532 1481 Zannini
3564 1425 3634 1480 et
3678 1432 3821 1480 non
3865 1424 4157 1503 propter
4198 1412 4599 1481 veritatem:

876 1519 971 1587 ob
1018 1540 1155 1607 que
1201 1532 1344 1591 tres
1386 1523 1686 1609 squadre
1731 1522 1820 1589 de
1872 1521 2122 1588 Parma
2168 1520 2287 1589 leti
2330 1532 2407 1587 et
2451 1521 2686 1587 illares
2729 1520 3024 1600 stabant,
3056 1519 3327 1587 Rubeis
3356 1520 3697 1588 minantes
3727 1529 3801 1586 et
3830 1519 4156 1588 continue
4186 1518 4601 1587 obrobrian-

878 1637 984 1695 tes
1029 1627 1121 1695 ob
1166 1629 1382 1697 solem
1428 1649 1550 1697 eos
1594 1628 2113 1695 illuminantem.

1058 1733 1503 1821 Scripserunt
1569 1735 2011 1803 illustrissimi
2068 1735 2334 1803 domini
2394 1735 2614 1802 nostri
2673 1734 3120 1823 gubernatori
3180 1732 3452 1814 Parme,
3514 1734 3814 1821 qualiter
3873 1734 3987 1800 die
4048 1692 4257 1800 tertia
4321 1730 4603 1799 decima
4655 1733 4734 1796 10

880 1838 1292 1925 septembris
1339 1841 1503 1907 anni
1549 1841 1852 1928 predicti
1903 1839 2070 1911 1479
2119 1840 2439 1909 dominus
2482 1839 2834 1909 Robertus
2878 1841 2971 1909 de
3017 1839 3281 1908 Sancto
3329 1840 3666 1908 Severino
3711 1851 4105 1908 accesserat
4147 1840 4241 1907 ad
4271 1859 4396 1905 eos
4441 1857 4602 1904 com

885 1956 1081 2016 tanta
1122 1948 1513 2017 reverentia
1556 1959 1628 2017 et
1654 1947 2015 2017 effectuali
2042 1947 2589 2017 demostratione
2621 1947 2783 2013 fidei
2817 1958 2886 2014 et
2917 1946 3316 2015 devotionis
3340 1966 3576 2014 versus
3603 1958 3854 2013 statum
3887 1946 4229 2024 ducalem,
4259 1955 4598 2033 quantum

877 2051 1027 2119 dici
1070 2053 1289 2138 possit
1328 2065 1403 2121 et
1446 2056 1638 2142 quod
1681 2054 1907 2141 ipsum
1952 2053 2275 2120 viderant
2322 2053 2462 2120 leto
2508 2052 2741 2121 animo
2785 2066 3075 2140 propter
3117 2053 3421 2142 quietem
3463 2064 3860 2140 sequturam
3906 2040 4103 2121 dicto
4146 2052 4354 2120 stanti
4399 2063 4476 2117 et
4507 2049 4600 2116 ob

887 2158 1039 2227 eius
1082 2179 1241 2233 com
1287 2159 1470 2229 duce
1510 2160 1948 2229 affinitatem:
1992 2181 2130 2248 que
2179 2159 2403 2228 littere
2446 2160 2626 2227 lecte
2670 2171 2830 2227 sunt
2874 2159 2944 2225 in
2988 2158 3292 2247 publioe.

1065 2264 1553 2337 Restituerunt
1597 2287 1873 2355 quoque
1917 2265 2356 2334 illustrissimi
2403 2266 2669 2335 domini
2713 2263 2957 2333 nostri'
3003 2266 3139 2353 ipsi
3187 2266 3471 2335 domino
3519 2265 3834 2333 Roberto
3877 2265 4112 2333 omnia
4156 2277 4408 2343 castra,
4457 2283 4593 2351 que
4651 2262 4725 2327 15

872 2370 1010 2438 sibi
1055 2371 1499 2453 abstulerant,
1542 2394 1633 2441 ac
1678 2374 1911 2440 eidem
1957 2373 2364 2443 refecerunt
2407 2373 2664 2440 damna
2705 2392 3143 2461 quecomque
3188 2393 3317 2459 per
3362 2394 3519 2439 eum
3564 2393 3768 2458 passa
3798 2393 3886 2439 ex
3914 2370 4120 2439 bonis
4149 2370 4278 2439 sibi
4309 2370 4598 2446 ablatis3

883 2489 951 2543 et
999 2477 1193 2546 dum'
1238 2501 1367 2566 pro
1417 2500 1500 2546 eo
1547 2481 1988 2567 acciperetur
2030 2491 2270 2548 tenuta
2312 2481 2556 2547 domus
2595 2501 2720 2547 8118
2764 2480 2897 2547 site
2941 2498 3164 2566 prope
3211 2479 3545 2545 Sanctum
3588 2476 3991 2557 Antonium,
4039 2500 4178 2547 uno
4224 2499 4380 2545 sero
4427 2497 4602 2543 con-

879 2585 1102 2652 currit
1144 2586 1287 2654 illic
1332 2587 1547 2653 multa
1588 2586 1792 2655 turba
1834 2588 2164 2676 juvenum
2208 2587 2389 2653 festa
2432 2597 2506 2654 et
2549 2586 2845 2655 letitiam
2887 2586 3232 2653 facientes
3277 2605 3436 2653 com
3479 2585 3862 2672 schiopetis
3901 2597 3975 2652 et
4019 2583 4334 2675 {allodiis
4363 2584 4459 2651 ad
4492 2584 4602 2650 fe-

874 2703 1161 2772 nestras,
1211 2695 1593 2763 clamantes
1649 2696 1680 2729 “
1703 2693 2045 2772 Ruherto,
2092 2692 2410 2761 Ruberto
2442 2742 2473 2775 „
2533 2705 2602 2760 et
2645 2714 2805 2760 com
2852 2693 3212 2760 trombetis
3256 2704 3326 2761 et
3372 2692 3795 2761 tamborinis.

1056 2800 1349 2867 Reversi
1394 2813 1552 2867 811111
1595 2802 1669 2867 in
1712 2799 1966 2869 Parma
2006 2822 2251 2869 omnes
2296 2798 2567 2867 banniti
2600 2800 2767 2867 alias
2813 2799 2905 2866 ob
2935 2811 3301 2866 1188181818
3347 2811 3640 2865 mortem
3673 2799 3930 2867 domini
3962 2798 4208 2887 Jacobi
4241 2795 4600 2865 Bonarelli
4646 2799 4729 2861 20

874 2917 948 2972 et
990 2905 1312 2975 similiter
1370 2908 1487 2997 alij
1550 2907 1861 2993 capistri,
1910 2907 2031 2995 qui
2094 2927 2235 2975 non
2280 2906 2634 2977 audebant
2677 2907 3079 2993 repatriare,
3124 2906 3465 2973 minantes
3528 2906 3873 2993 quottidie
3917 2903 4209 2973 Rubeis.
4299 2903 4602 2971 Reversi

882 3025 1044 3083 sunt
1070 3034 1349 3102 quoque
1378 3037 1424 3083 a
1451 3014 1877 3102 relegatione
1910 3025 1981 3081 et
2014 3013 2316 3080 confinio
2349 3012 2696 3081 Sertorius
2725 3013 3078 3082 Biliardus
3111 3023 3182 3080 et
3209 3012 3441 3079 Lucas
3489 3013 3579 3081 de
3621 3013 3681 3081 F
3686 3013 3947 3102 erarijs.
4035 3012 4288 3102 Rediit
4317 3031 4601 3099 qnoque

872 3117 1178 3206 Jacobus
1219 3121 1309 3187 de
1356 3120 1585 3199 Plaza,
1634 3119 1756 3207 qui
1808 3119 2200 3207 aufugerat,
2248 3130 2324 3186 ut
2368 3140 2579 3206 supra
2625 3119 2890 3187 dictum
2939 3132 3064 3186 est.
3155 3116 3295 3205 Alij
3342 3139 3511 3187 vero
3557 3117 3889 3185 confinati
3933 3120 4408 3185 remanserunt
4438 3116 4600 3183 Me-

877 3224 1160 3305 diolani,
1204 3237 1640 3314 temptantes,
1685 3238 1895 3314 atque
1942 3226 2277 3295 instantes
2323 3225 2455 3295 sibi
2502 3226 2770 3295 restitui
2802 3226 3147 3305 denarios,
3177 3246 3355 3313 quos
3385 3225 3737 3293 solverunt
3765 3226 4249 3303 sacomanatis,
4282 3223 4376 3291 ob
4403 3224 4603 3313 quod

876 3332 1107 3403 vocati
1148 3346 1312 3401 sunt
1354 3332 1747 3405 Mediolani
1791 3343 2092 3420 quatuor
2138 3332 2324 3399 cives
2356 3333 2447 3400 de
2478 3331 2782 3420 squadra
2824 3331 3081 3399 Rubea
3123 3354 3251 3418 pro
3296 3354 3473 3419 pace
3507 3332 3872 3398 tractanda
3903 3351 4060 3397 com
4087 3331 4248 3422 alijs
4273 3329 4602 3418 squadris
4647 3328 4723 3394 25

874 3450 946 3505 et
989 3459 1118 3525 pro
1163 3440 1371 3507 modo
1414 3438 1819 3509 adhibendo
1860 3438 2325 3507 satisfactioni
2372 3450 2967 3507 sacomanatorum
3010 3450 3081 3506 et
3124 3438 3473 3507 dictorum
3520 3438 3795 3517 civium,
3843 3438 3963 3525 qui
4024 3436 4379 3505 solverunt
4439 3458 4601 3523 par-

876 3557 1014 3614 tem
1058 3547 1236 3616 dicti
1281 3547 1652 3616 sacomani.
1742 3546 1834 3613 Et
1877 3547 1950 3613 hi
1997 3546 2280 3614 fuerunt
2324 3547 2539 3627 cives,
2587 3546 2811 3614 silicet
2853 3547 3177 3614 dominus
3220 3547 3547 3646 magister
3591 3546 4070 3616 Bartolameus
4109 3545 4200 3612 de
4244 3542 4601 3614 Anselmis

884 3652 1137 3732 fisicus,
1185 3653 1504 3722 dominus
1546 3652 1925 3721 Allovisius
1992 3653 2084 3719 de
2130 3651 2388 3732 Borris,
2453 3652 2772 3720 dominus
2830 3651 3077 3723 Petrus
3135 3641 3483 3778 Antonius
3544 3648 3902 3719 Centonus
3958 3651 4288 3718 doctores
4356 3651 4597 3738 legum

872 3771 944 3824 et
987 3758 1339 3846 johannes
1381 3759 1696 3846 Baptista
1738 3758 2223 3826 Garimbertus
2267 3780 2444 3828 1111118
2489 3782 2579 3828 ex
2621 3759 3102 3828 sacomanatis.

1060 3865 1536 3936 Recesserunt
1582 3867 1665 3932 28
1714 3864 2126 3952 septembris
2170 3881 2212 3934 e
2257 3865 2514 3936 Parma
2558 3865 2658 3932 illi
2705 3866 2999 3934 trecenti
3043 3866 3335 3952 pedites,
3384 3867 3502 3954 qui
3545 3867 3685 3934 huc
3720 3877 4059 3934 venerant
4099 3884 4262 3932 com
4310 3864 4596 3932 domino
4641 3865 4722 3928 30

878 3971 1195 4059 Johanne
1253 3971 1463 4042 Petro
1523 3972 1967 4061 Panigarola,
2030 3972 2151 4060 qui
2213 3971 2534 4040 dominus
2593 3972 2951 4060 Johannes
3011 3970 3258 4040 Petrus
3318 3985 3387 4040 et
3445 3972 3761 4040 Michael
3818 3970 4095 4040 Batalia
4156 3991 4315 4042 eom
4354 3972 4593 4059 genti-

873 4077 1000 4148 bus
1046 4078 1425 4169 armigeris,
1472 4100 1606 4166 que
1650 4080 1790 4148 huc
1851 4088 2190 4147 venerant
2250 4078 2342 4145 ob
2402 4089 2796 4157 tractatum,
2858 4078 2947 4146 de
3005 4095 3149 4166 quo
3209 4100 3442 4166 supra,
3503 4091 3938 4148 recesserunt
3977 4101 4026 4146 a
4068 4078 4338 4145 Parma.
4429 4078 4584 4145 Re-

874 4186 1194 4274 versique
1254 4199 1414 4254 sunt
1459 4186 1781 4254 Parmam
1823 4186 1948 4264 illi.
1996 4185 2115 4273 qui
2160 4186 2355 4254 ducti
2399 4187 2680 4256 fuerant
2733 4186 2810 4250 in
2873 4197 3102 4254 castro
3164 4185 3509 4254 Cremone
3570 4185 3661 4252 ob
3724 4187 3990 4254 dictmn
4049 4196 4455 4264 tractatum,
4503 4183 4596 4252 81-

880 4292 1046 4362 licet
1103 4294 1431 4370 dominus
1497 4290 1849 4362 Antonius
1916 4293 2006 4360 de
2068 4292 2295 4370 Colla,
2357 4292 2582 4360 danus
2643 4290 2992 4360 Antonius
3050 4292 3403 4373 Banzolla,
3470 4292 3743 4360 Illarius
3803 4292 4210 4382 Begarinus,
4269 4290 4599 4360 Andreas

867 4398 957 4466 de
1001 4399 1205 4466 Colla
1250 4412 1321 4467 et
1365 4399 1701 4469 Deifebus
1744 4398 2083 4466 But-allus.
2174 4398 2484 4487 Visaque
2525 4411 2687 4465 sunt
2733 4398 2964 4466 omnia
3009 4400 3325 4468 revoluta
3368 4400 3446 4465 in
3494 4395 3695 4465 brevi
3738 4410 4112 4466 momento.
4204 4400 4298 4468 Et
4326 4399 4424 4477 111,
4469 4398 4594 4485 qui
4640 4395 4716 4464 35

876 4504 1314 4574 habebantur
1355 4528 1485 4594 pro
1528 4505 1925 4586 rebellibus,
1972 4505 2102 4572 visi
2144 4516 2303 4572 sunt
2344 4505 2668 4573 meliores
2698 4518 2772 4573 et
2800 4506 3166 4592 probiores
3198 4506 3290 4574 ob
3321 4505 3733 4574 mutationes
3778 4506 4165 4592 predictam
4209 4516 4281 4572 et
4323 4505 4399 4572 in
4441 4524 4595 4571 om-

874 4613 1081 4682 nibus
1123 4614 1376 4682 litteris
1425 4614 1788 4682 ducalibus
1844 4612 2127 4700 scriptis
2188 4612 2440 4680 Parme
2484 4613 2695 4680 fiebat
2740 4614 3027 4692 mentio,
3073 4615 3264 4700 quod
3309 4613 3629 4682 dominus
3673 4612 3909 4693 Cicus,
3957 4614 4278 4680 dominus
4325 4612 4594 4680 Orfeus

555 4748 595 4780 e.
706 4749 734 4779 r
876 4730 951 4785 et
981 4719 1334 4805 Johannes
1363 4718 1607 4789 Bottus
1634 4722 1914 4790 fuerant
1943 4740 2155 4786 causa
2183 4720 2396 4786 totius
2440 4718 2629 4784 malli
2662 4730 2733 4786 et
2763 4718 2977 4806 quod'
3011 4718 3100 4786 ob
3131 4740 3369 4786 eorum
3417 4719 3920 4807 detemptiones
3949 4731 4165 4788 status
4192 4718 4590 4787 Mediolani

879 4826 1100 4914 magis
1147 4827 1571 4915 quiescebat,
1619 4847 1911 4916 quorum
1956 4826 2164 4894 trium
2206 4827 2457 4894 domus
2501 4826 2879 4894 existentes
2924 4826 2999 4893 111
3043 4824 3266 4912 Papia
3312 4846 3467 4894 com
3516 4825 3832 4894 omnibus
3857 4826 4066 4894 bonis
4095 4825 4240 4893 iuic
4286 4827 4588 4895 existen-

869 4932 1049 5000 tibus
1097 4954 1141 5000 a
1184 4934 1421 5002 furore
1468 4934 1713 5020 populi
1757 4944 2199 5000 sacomanate
2240 4945 2420 5000 811111.
4631 4935 4714 4998 40

1048 5038 1212 5118 Quo
1261 5041 1471 5108 etiam
1517 5051 1829 5126 tempore
1874 5039 2104 5125 posita
2146 5043 2325 5108 sunt'
2354 5050 2584 5110 castra
2625 5059 2755 5126 per
2802 5040 3156 5110 dominum
3203 5040 3592 5108 Robermm
3624 5050 3853 5108 castro
3889 5038 4228 5108 Sartirani
4255 5039 4433 5129 juris
4463 5040 4593 5106 do-

869 5147 1044 5213 mini
1084 5146 1300 5215 Cichi
1360 5158 1435 5215 et
1494 5158 2006 5232 sacomanatum
2068 5146 2224 5223 fuit,
2284 5146 2360 5213 in
2420 5167 2558 5234 quo
2621 5147 2865 5214 aderat
2926 5147 3245 5216 dominus
3301 5147 3662 5234 johannes
3722 5145 4026 5233 Jacobms
4085 5143 4266 5214 filins
4325 5146 4593 5216 domini

872 5251 1099 5344 Cichi,
1148 5253 1269 5340 qui
1316 5275 1457 5324 una
1499 5264 1710 5321 nocte
1759 5252 2011 5318 exinde
2057 5251 2329 5339 aufugit
2375 5263 2447 5320 et
2491 5264 2569 5319 ut
2611 5253 2880 5321 dictum
2944 5264 3066 5331 est,
3130 5273 3285 5320 com
3348 5253 3651 5342 trigenta
3695 5252 4000 5322 millibus
4059 5252 4306 5331 aureis,
4369 5252 4592 5320 imi-us

867 5381 1105 5430 versus
1130 5360 1562 5438 Suevizsros,
1588 5359 1707 5426 ubi
1737 5369 2111 5446 cognatum
2143 5357 2450 5426 habebat
2483 5359 2776 5427 divitem
2804 5373 2875 5428 et
2897 5370 3277 5446 potentem.
3324 5358 3691 5426 Ammotus
3716 5359 3923 5428 etiam
3945 5359 4086 5428 fuit
4109 5357 4205 5425 ab
4235 5380 4401 5430 arce
4431 5358 4589 5427 Mo-

869 5468 1099 5536 doetie
1160 5485 1338 5533 unus
1397 5468 1619 5533 frater
1680 5465 2136 5552 suprascripti
2203 5465 2471 5531 domini
2533 5465 2743 5534 Cichi
2804 5465 2905 5534 ibi
2967 5466 3417 5536 castellanus:
3461 5476 3537 5534 et
3580 5466 3683 5534 818
3730 5465 4052 5534 dominus
4105 5465 4371 5534 Cichus
4427 5485 4590 5532 com
4634 5463 4712 5532 45

869 5574 1054 5639 omni
1098 5594 1224 5642 8118
1266 5574 1603 5662 progenie
1647 5572 1795 5639 dati
1836 5582 2000 5638 sunt
2044 5571 2117 5638 in
2161 5570 2618 5658 dispersione.

1050 5681 1232 5747 Dum
1277 5681 1598 5768 predicta
1642 5681 1745 5747 sic
1792 5679 2055 5758 fierent,
2100 5678 2534 5766 scripserunt
2577 5680 2953 5767 magnifico
3001 5681 3286 5750 domino
3332 5681 3768 5752 Petromarie
3811 5682 3908 5754 de
3952 5680 4217 5749 Rubeis
4261 5680 4589 5748 dominus

868 5785 1273 5854 Ludovicus
1319 5785 1602 5855 Storcia
1644 5797 1715 5852 et
1763 5785 2081 5852 dominus
2127 5785 2479 5853 Robertus
2527 5786 2620 5854 de
2663 5784 2926 5854 Sancto
2959 5786 3321 5868 Severino,
3354 5789 3542 5875 quod
3589 5788 3919 5857 volebant
3949 5788 4180 5875 ipsum
4207 5808 4338 5874 pro
4369 5788 4589 5854 fratre

871 5905 942 5960 et
986 5913 1113 5979 pro
1158 5891 1406 5979 primis
1452 5892 1543 5960 ad
1589 5892 1902 5981 regimen
1948 5903 2163 5958 status
2208 5890 2300 5958 ob
2346 5892 2500 5960 eius
2546 5892 2755 5960 fidem
2785 5904 2858 5962 et
2887 5893 3365 5981 integritatem
3395 5916 3636 5962 versus
3663 5907 3915 5964 statum
3959 5893 4351 5964 Mediolani
4385 5907 4460 5964 et
4481 5895 4591 5962 dc

869 5999 1074 6076 etiam
1094 6020 1330 6070 amare
1361 6011 1433 6072 81
1465 5998 1609 6065 cari
1638 5999 1946 6085 pendere
1981 5999 2243 6070 amicos
2272 6018 2459 6075 suos:
2498 5998 2993 6069 ordinaverunt
3017 6023 3303 6089 quoque
3338 6002 3599 6068 nullam
3617 6002 3769 6069 fieri
3801 6002 4177 6070 novitatem
4205 6000 4281 6068 in
4309 5999 4588 6069 Parma.
4636 5997 4712 6066 50
