4895 7066
475 794 515 829 ὅ.
545 794 658 827 nv

421 1747 575 1800 Mum,
607 1748 693 1791 2⁶3

492 5681 532 5712 c.
561 5679 619 5718 13
647 5683 679 5711 v

414 5724 569 5772 Μυκ..
599 5726 677 5765 204

863 496 949 570 14
2148 496 2629 570 CRONICA
2686 494 3275 570 GESTORUM
3760 505 3864 578 [Α.
3907 507 4073 564 1477
4110 504 4577 578 luglio-agosto]

2479 643 3642 655 --nn-n-e-no--mnnamno-nonnonommomom--n--uuum-
3647 642 4201 652 -muu--m-nmo.—·umm

1025 768 1135 833 De
1182 766 1376 835 dicto
1421 788 1660 833 mense
1704 766 1880 857 jullij
1929 767 2289 854 prefactus
2333 764 2654 833 dominus
2682 764 2965 831 Branda
3008 764 3097 831 de
3144 763 3528 831 Castiliono
3575 762 3646 829 in
3693 763 4107 829 executione
4140 761 4569 830 commissio-

851 872 960 941 nis
1003 894 1126 941 sue
1172 873 1462 953 ducalis,
1509 871 1951 961 quamplures
2004 873 2151 940 fieri
2213 872 2383 939 fecit
2429 872 2658 938 cridas
2702 870 2827 937 sub
2878 891 3216 958 campana
3259 871 3331 935 in
3375 869 3629 958 plateis
3673 869 4079 948 communis,
4127 870 4319 958 quod
4378 868 4572 936 bona

845 991 1291 1059 sacomanata
1331 979 1862 1047 restituerentur
1906 980 2092 1046 infra
2139 990 2401 1047 certum
2451 990 2722 1066 tempus
2770 991 2840 1045 et
2885 978 3035 1064 ipso
3081 976 3377 1044 termino
3424 977 3689 1065 ellapso
3737 989 3808 1043 et
3853 976 4102 1043 iterum
4162 990 4376 1066 atque
4439 976 4570 1043 ite·

851 1110 1002 1153 rum
1046 1098 1424 1177 prorogato
1459 1107 1614 1153 com
1661 1105 1847 1172 pena
1890 1087 2268 1165 furcarum,
2313 1106 2518 1154 nemo
2565 1084 2890 1172 apparuit
2918 1085 3289 1151 restitutor.
3381 1083 3697 1171 Cumque
3741 1084 4169 1151 sacomanati
4211 1083 4574 1171 porrexis-

848 1206 1003 1262 sent
1047 1214 1286 1260 coram
1331 1213 1418 1261 eo
1464 1194 1658 1260 listas
1705 1192 2044 1260 bonorum
2091 1192 2469 1280 unicuique
2515 1203 3112 1260 sacomanatorum
3161 1202 3231 1257 et
3275 1190 3793 1258 nominarentur
3836 1190 3908 1256 in
3952 1201 4165 1257 testes
4210 1190 4427 1278 aliqui
4473 1189 4568 1256 de
4669 1187 4709 1255 5

843 1298 1065 1367 tribus
1110 1299 1454 1387 squadris,
1503 1298 1829 1388 quoniam
1876 1299 1993 1389 alij
2045 1310 2249 1367 testes
2293 1298 2539 1365 haberi
2586 1317 2728 1365 non
2772 1308 3117 1384 poterant,
3163 1317 3320 1362 cum
3369 1316 3611 1362 omnes
3655 1295 3891 1391 Rubei
3936 1296 4061 1362 illa
4105 1295 4404 1363 infellici
4450 1295 4570 1362 die

843 1408 1015 1474 tanti
1062 1407 1345 1474 sceleris
1391 1417 1656 1474 starent
1704 1405 2066 1484 latibundi,
2111 1406 2185 1472 hi
2231 1406 2564 1473 nominati
2611 1405 2684 1471 in
2732 1416 2941 1471 testes
2988 1424 3145 1470 com
3192 1403 3640 1494 jurejurando
3688 1401 4250 1482 testificabantur,
4296 1423 4374 1470 se
4417 1423 4566 1469 non

854 1514 1267 1604 cognovisse
1315 1526 1862 1592 sacomanantes,
1907 1525 2050 1580 tum
2097 1514 2261 1602 quia
2305 1512 2676 1603 forasterij,
2729 1524 2873 1579 tum
2933 1511 3098 1599 quia
3158 1510 3398 1577 armati
3457 1530 3600 1576 non
3662 1522 3987 1597 poterant
4049 1511 4418 1599 cognosci3
4468 1510 4570 1576 ita

850 1633 1237 1688 asserentes
1282 1635 1354 1688 et
1396 1644 1471 1687 se
1521 1632 1952 1701 excusantes,
1996 1640 2139 1687 non
2189 1620 2824 1688 animadvertentes
2869 1619 2959 1685 ad
3001 1620 3462 1707 juramentum
3509 1639 3638 1704 per
3685 1637 3804 1683 eos
3836 1616 3910 1681 in
3944 1617 4135 1683 dicta
4177 1638 4357 1703 pace
4403 1639 4569 1704 pre-

846 1729 1099 1796 stitum.
1191 1725 1616 1816 Frustraque
1664 1727 2024 1795 laborabat
2054 1727 2204 1814 ipse
2236 1727 2558 1797 dominus
2587 1728 2892 1806 Branda,
2926 1726 3039 1793 cui
3072 1727 3277 1793 etiam
3310 1722 3730 1791 minabatur'
3763 1726 3853 1792 de
3887 1725 4048 1803 vita,
4081 1724 4322 1813 sicque
4356 1724 4568 1791 etiam
4627 1726 4710 1790 10

837 1834 1229 1902 minabatur
1274 1834 1750 1915 sacomanatiS,
1798 1834 1929 1900 nisi
1985 1835 2193 1902 finem
2253 1856 2338 1901 ac
2400 1833 2746 1901 silentium
2793 1834 3231 1919 imponerent
3273 1832 3439 1897 huic
3485 1852 3891 1898 sacomano:
3955 1833 4194 1919 sicque
4258 1852 4368 1896 res
4427 1833 4569 1897 hec

842 1942 1325 2010 dillactabatur
1356 1952 1427 2007 et
1456 1962 1675 2029 usque
1720 1941 1815 2007 ad
1861 1943 2234 2010 adventum
2269 1942 2439 2008 dicti
2489 1952 2560 2008 et
2606 1939 3032 2027 infrascripti
3080 1939 3344 2006 domini
3389 1937 3638 2028 Jacobi
3685 1938 4036 2005 Bonareli.
4129 1938 4284 2004 Hoc
4331 1940 4567 2006 medio

839 2072 1033 2116 arma
1077 2072 1208 2138 per
1252 2069 1718 2138 quoscomque
1769 2049 1858 2115 de
1905 2049 2127 2116 tribus
2171 2049 2493 2136 squadris
2536 2048 2610 2114 in
2656 2047 2937 2134 publico
2983 2048 3075 2114 ad
3124 2048 3299 2115 latus
3345 2046 3820 2133 portabantur.
3916 2045 4280 2125 Quottidie
4344 2047 4562 2133 aliqui

841 2156 1078 2223 Rubei
1122 2157 1720 2243 percutiebantur,
1768 2157 2313 2225 vulnerabantur
2360 2168 2429 2223 et
2473 2154 3000 2245 iniuriabantur.
3090 2152 3239 2220 Azo
3287 2173 3456 2220 vero
3502 2154 3864 2240 predictus
3908 2153 4102 2220 urbis
4162 2155 4561 2220 commissa-

849 2263 990 2328 rius
1034 2264 1205 2350 ipsis
1249 2263 1467 2331 tribus
1512 2263 1830 2352 squadris
1876 2262 2160 2331 favebat
2206 2276 2278 2330 et
2322 2263 2618 2329 maxime
2667 2262 2828 2349 quia
2871 2261 3021 2347 ipse
3075 2261 3545 2348 imputabatur
3603 2261 3909 2348 potuisse
3966 2271 4037 2327 et
4082 2260 4413 2326 nolluisse
4459 2273 4566 2328 tot
4625 2259 4705 2326 15

852 2369 1198 2437 scandalis
1242 2370 1524 2437 obviare
1573 2382 1645 2437 et
1691 2370 1899 2437 etiam
1947 2371 2112 2457 quia
2156 2370 2502 2437 sentiebat
2550 2370 2639 2435 de
2686 2370 3002 2455 proximo
3047 2369 3507 2435 remotionem
3553 2390 3766 2434 suam.

1016 2477 1287 2544 Eodem
1333 2497 1516 2543 anno
1571 2475 1735 2547 1477
1785 2476 1899 2542 die
1946 2475 2136 2567 xviij.
2173 2477 2429 2543 mensis
2476 2477 2754 2564 augusti
2800 2476 3227 2565 magnificuS,
3273 2477 3493 2565 justus
3537 2496 3620 2542 ac
3665 2475 4145 2563 magnanimus
4198 2487 4269 2542 et
4312 2496 4562 2561 exper-

843 2594 953 2648 tus
997 2584 1197 2650 miles
1244 2582 1568 2650 dominus
1616 2583 1916 2670 Jacobus
1963 2584 2344 2650 Bonarelus
2389 2584 2478 2650 de
2523 2580 2891 2661 Anchona,
2938 2583 3057 2669 qui
3105 2583 3384 2649 unicum
3429 2580 3735 2649 habebat
3779 2580 4076 2661 oculum,
4124 2583 4251 2649 sed
4282 2602 4435 2649 com
4471 2603 4557 2648 eo

845 2688 1117 2778 longius
1161 2690 1466 2768 videbat,
1529 2673 1735 2777 quam
1797 2711 2099 2779 unquam
2163 2691 2418 2757 viderit
2479 2688 2676 2778 Argo
2737 2702 3018 2777 gestans
3080 2701 3357 2755 centum
3420 2689 3677 2767 ocuIOS,
3740 2689 4000 2776 quique
4071 2710 4199 2775 pro
4268 2689 4562 2756 ducibus

846 2796 905 2860 F
906 2796 1226 2862 rancisco
1274 2809 1344 2862 et
1391 2796 1650 2862 Galeaz
1695 2797 1926 2862 fuerat
1969 2808 2207 2882 pretor
2268 2797 2541 2864 urbium
2611 2794 3063 2875 Alexandrie,
3133 2795 3543 2874 Mediolani,
3604 2817 3686 2862 ac
3747 2796 3991 2883 Janue,
4055 2796 4564 2863 commissarius
4615 2800 4705 2860 20

852 2922 1124 2990 quoque
1172 2903 1393 2968 insule
1441 2902 1749 2981 Corsice,
1796 2924 1878 2969 ac
1925 2903 2223 2971 civitatis
2268 2903 2613 2970 Cremone
2665 2918 2734 2971 et
2783 2904 2857 2968 in
2903 2903 3153 2992 quibus
3200 2902 3440 2989 officijs
3487 2902 3782 2970 viriliter
3826 2924 3901 2969 se
3948 2915 4260 2992 gesserat
4307 2915 4377 2969 et
4407 2904 4564 2968 infi-

850 3009 1028 3074 nitas
1072 3010 1147 3075 in
1191 3008 1541 3095 improbos
1587 3022 1658 3076 et
1703 3010 1882 3076 male
1915 3012 2331 3097 compositos
2376 3012 2566 3078 viros
2607 3010 2902 3099 justitias
2947 3011 3235 3087 fecerat,
3283 3009 3477 3075 cuius
3538 3030 3789 3075 nomen
3845 3007 4165 3076 omnibus
4211 3009 4562 3076 audienti-

847 3112 975 3180 bus
1021 3127 1353 3183 terrorem
1397 3115 1816 3194 adducebat,
1864 3128 2152 3182 vocatus
2198 3139 2324 3203 per
2371 3117 2720 3184 dominam
2768 3116 3116 3184 ducissam
3166 3128 3235 3183 et
3282 3114 3491 3181 inter'
3537 3127 3640 3182 tot
3686 3138 3771 3182 ac
3817 3129 4047 3183 tantos
4107 3117 4318 3184 totius
4362 3115 4559 3182 Italie

835 3220 1024 3286 viros
1068 3222 1252 3287 solus
1298 3222 1606 3301 euectus,
1653 3222 1970 3289 Parmam
2018 3245 2060 3288 a
2088 3223 2397 3311 partibus
2441 3222 2969 3291 Anchonetanis
3016 3242 3172 3290 com
3222 3235 3384 3290 octo
3432 3220 3627 3310 equis
3672 3235 3935 3290 tantum
3982 3223 4340 3310 applicuit,
4371 3222 4560 3288 acin

839 3326 1066 3394 locum
1110 3329 1456 3416 sepedicti
1501 3328 1762 3395 Azonis
1805 3330 2159 3411 successit,
2207 3342 2509 3397 ammoto
2557 3331 2708 3416 ipso
2753 3329 2994 3396 Azone
3041 3332 3305 3398 sororio
3351 3330 3618 3397 domini
3666 3329 3894 3397 Cichi.
3991 3329 4153 3407 Quo
4215 3342 4426 3396 vento
4487 3329 4563 3394 hi
4612 3330 4701 3394 25

824 3435 936 3501 ”de
982 3433 1202 3501 tribus
1244 3435 1583 3524 squadriS,
1631 3437 1863 3504 audita
1912 3437 2058 3503 eius
2102 3438 2424 3525 preclara
2476 3438 2687 3517 fama,
2758 3436 3197 3504 tremebundi
3267 3447 3498 3515 erant3
3548 3437 3797 3504 discoli
3867 3458 4166 3525 quoque,
4231 3457 4313 3502 ac
4374 3436 4562 3502 male

856 3543 1242 3631 compositi,
1288 3543 1577 3622 banniti,
1637 3545 2126 3633 homicidiarij‚
2190 3547 2472 3634 cagneti
2536 3558 2605 3611 et
2664 3544 2975 3611 seditiosi
3037 3566 3121 3611 ac
3183 3546 3499 3611 forenses
3559 3544 3711 3623 viri,
3775 3565 4065 3633 quorum
4127 3564 4420 3632 magnus
4481 3545 4561 3608 in

848 3650 1020 3716 urbe
1065 3668 1286 3736 penes
1330 3661 1471 3716 tres
1501 3651 1835 3737 squadras
1881 3652 2126 3718 aderat
2156 3673 2503 3730 numerus,
2536 3651 2804 3731 incerti,
2839 3650 3169 3739 dubijque
3206 3651 3551 3730 errabant,
3585 3670 3717 3717 nec
3748 3649 4088 3729 sciebant,
4135 3672 4340 3737 quam
4371 3651 4560 3716 viam

843 3756 1210 3845 elligerent
1256 3768 1327 3823 et
1372 3778 1461 3822 an
1508 3758 1582 3821 in
1626 3757 1800 3824 urbe
1848 3770 2131 3838 starent,
2179 3781 2270 3825 an
2335 3760 2693 3838 cederent,
2756 3758 3114 3845 perterriti
3174 3760 3313 3824 hoc
3368 3771 3609 3825 sancto
3657 3770 3728 3823 et
3771 3760 3955 3847 justo
4016 3757 4294 3824 homine
4357 3777 4563 3823 arce-

842 3863 972 3930 sito
1019 3875 1311 3952 tantum,
1350 3877 1427 3931 ut
1471 3886 1593 3931 eos
1637 3864 2068 3944 admoneret,
2116 3866 2556 3953 puniretque.
2649 3867 2803 3932 Nec
2847 3876 3078 3931 tamen
3126 3887 3319 3930 arma
3372 3865 3850 3951 deponebant3
3899 3863 4237 3931 dicebant
4280 3885 4560 3953 quoque
4605 3866 4702 3930 30

842 3973 870 4003 “
908 3970 986 4037 Si
1032 3970 1150 4035 hic
1196 3971 1405 4036 homo
1452 3971 1861 4038 monoculus
1905 3972 2205 4060 aliquem
2254 3992 2346 4038 ex
2392 3972 2651 4039 nostris
2696 3972 2985 4058 ceperit,
3019 3983 3139 4037 aut
3167 3972 3236 4038 ei
3267 3972 3532 4060 aliquid
3565 3970 3845 4051 fecerit,
3876 3972 4099 4057 ipsum
4134 3971 4558 4038 occidemus,

848 4080 877 4112 “
903 4077 1299 4145 Transeant
1342 4087 1581 4144 vetera
1624 4078 1987 4164 impunita,
2032 4078 2152 4144 fiat
2198 4099 2382 4144 nova
2430 4079 2560 4159 leX,
2607 4099 2740 4144 nec
2790 4079 2878 4144 de
2910 4079 3257 4166 preteritis
3289 4100 3361 4144 se
3393 4078 3726 4164 impediat
3754 4126 3813 4156 „.
3906 4078 4064 4144 Hoc
4096 4080 4400 4144 sentiens
4432 4078 4558 4143 do-

837 4183 1066 4249 minus
1107 4182 1414 4271 Jacobus
1457 4183 1842 4250 Bonarelus
1872 4184 2154 4252 ducalis
2196 4183 2452 4251 Parme
2499 4184 2948 4273 gubernator,
2995 4184 3219 4249 nullas
3264 4185 3414 4252 fieri
3460 4186 3636 4251 fecit
3683 4185 3912 4251 cridas
3970 4206 4098 4271 pro
4162 4184 4371 4250 armis
4433 4186 4562 4250 de-

841 4290 1186 4375 ponendis
1232 4302 1301 4356 et
1345 4311 1478 4356 nec
1526 4311 1654 4377 pro
1703 4292 2020 4377 capistris
2065 4291 2527 4378 expellendis,
2573 4292 2931 4380 voluitque
2980 4304 3249 4358 secrete
3295 4293 3663 4358 informari
3714 4293 3804 4358 de
3851 4292 4070 4380 gestis
4099 4313 4231 4378 per
4258 4292 4384 4357 has
4415 4302 4560 4357 tres

838 4396 1195 4484 squadras,
1243 4396 1333 4463 de
1381 4397 1518 4463 fide
1566 4379 1805 4464 versus
1852 4410 2097 4465 statum
2146 4409 2217 4464 et
2263 4398 2354 4464 de
2401 4400 2612 4466 totius
2661 4398 2956 4468 civitatis
2989 4412 3059 4466 et
3090 4399 3342 4464 civium
3377 4397 3899 4466 conditionibus
3932 4410 4002 4466 et
4033 4398 4258 4464 nullos
4288 4398 4558 4465 habens
4606 4396 4692 4463 35

840 4521 1055 4588 penes
1100 4524 1175 4568 se
1222 4503 1728 4589 provisionatos
1772 4505 1963 4570 infra
2009 4517 2302 4591 quatuor
2351 4505 2500 4571 dies
2543 4517 2701 4592 post
2749 4505 3120 4572 adventum
3166 4525 3362 4570 suum
3413 4506 3715 4572 accessit
3743 4505 4240 4582 Mediolanum,
4273 4504 4556 4571 dimisso

840 4609 1104 4675 ibidem
1166 4610 1677 4676 locomtenente
1726 4631 1848 4678 suo
1914 4610 2199 4678 domino
2246 4611 2531 4677 Branda
2576 4612 2666 4677 de
2738 4611 3145 4678 CastilionO.
3238 4613 3399 4691 Quo
3468 4632 3740 4678 recesso
3789 4623 3935 4678 tota
3984 4612 4231 4678 civitas
4283 4610 4556 4697 incepit

835 4715 1251 4780 tumultuare
1300 4727 1371 4782 et
1414 4715 1504 4781 he
1549 4727 1692 4782 tres
1758 4717 2061 4805 squadre
2128 4715 2523 4783 dubitantes
2569 4717 2657 4782 de
2703 4717 2953 4785 futuris
3017 4729 3087 4784 et
3147 4738 3483 4784 memores
3553 4719 3642 4784 de
3705 4718 3883 4785 male
3946 4718 4158 4804 gestis
4219 4738 4348 4803 per
4408 4738 4553 4794 eoS,

838 4821 1017 4887 male
1067 4821 1650 4888 contentabantur
1693 4836 1763 4889 et
1811 4822 2291 4890 deliberabant
2336 4845 2477 4890 non
2525 4821 2848 4902 obedire3
2899 4836 2969 4890 et
3016 4825 3263 4892 iterum
3309 4824 3488 4891 ultra
3536 4845 3674 4904 eos,
3723 4845 3897 4912 quos
3956 4844 4173 4909 penes
4217 4844 4291 4889 se
4335 4821 4555 4889 habe-

841 4927 1031 5006 bant,
1077 4928 1329 4994 multos
1372 4928 1690 4995 forenses
1734 4949 1972 4996 eorum
2017 4931 2281 4997 amicos
2330 4950 2488 4996 com
2535 4930 2742 4996 armis
2788 4932 3047 4997 intrare
3118 4932 3463 5010 fecerunt,
3512 4930 3980 4997 deliberantes
4026 4931 4376 4997 civitatem
4424 4929 4554 4994 ite-
4603 4934 4692 4994 40

833 5056 987 5100 rum
1033 5034 1106 5100 in
1153 5034 1360 5100 armis
1403 5054 1688 5122 ponere.
1779 5036 1960 5102 Dum
2009 5038 2109 5103 sic
2156 5036 2474 5123 perplexi
2521 5050 2752 5104 essent
2799 5050 2869 5104 et
2913 5040 3054 5128 jam
3104 5038 3424 5105 dominus
3459 5038 3763 5125 Jacobus
3807 5037 4191 5104 Bonarelus
4237 5036 4556 5103 ordinas-

834 5154 939 5207 set
998 5140 1414 5220 Mediolani,
1478 5141 1651 5230 quid
1696 5163 1824 5228 pro
1889 5144 2278 5210 asectandis
2338 5155 2408 5211 et
2470 5144 2865 5231 quietandis
2924 5144 3129 5212 rebus
3189 5145 3440 5210 Parme
3501 5144 3852 5232 agendum
3914 5144 4120 5221 foret,
4181 5142 4552 5221 ordinavit,

766 5281 777 5288 -
836 5247 1026 5334 quod
1075 5248 1433 5333 caporales
1500 5249 1843 5315 dictarum
1911 5250 2115 5316 trium
2184 5252 2638 5338 squadrarum
2706 5264 3237 5319 removerentur
3282 5273 3325 5317 a
3369 5252 3648 5318 civitate
3714 5262 3783 5318 et
3842 5250 4343 5337 relegarentur,
4411 5271 4548 5337 quo

837 5353 1065 5418 medio
1113 5353 1353 5419 civitas
1397 5355 1640 5419 melius
1685 5355 2213 5442 gubernaretur.
2305 5357 2607 5446 Hucque
2652 5358 2844 5424 venit
2874 5359 2964 5424 de
2997 5358 3326 5423 mandato
3361 5357 3593 5423 ducali
3623 5354 4000 5422 Allovisius
4031 5357 4385 5422 Bechetus
4418 5356 4548 5421 du-

837 5458 1008 5524 calis
1052 5459 1414 5524 familiaris
1460 5471 1531 5526 et
1575 5460 1885 5540 aullicus,
1933 5463 2051 5549 qui
2098 5464 2461 5551 requisivit
2508 5463 2867 5529 dominum
2913 5464 3481 5530 Petrummariam
3527 5462 3877 5541 Rubeum,
3938 5459 4320 5529 Antonium
4383 5463 4554 5528 Bra·
4601 5460 4686 5526 45

835 5588 996 5632 vum
1047 5578 1115 5631 et
1158 5566 1558 5632 Rolandum
1605 5567 1954 5647 Rubeum,
2002 5570 2119 5657 qui
2166 5571 2344 5637 irent
2388 5569 2866 5637 Mediolanum
2912 5582 2983 5637 et
3030 5571 3131 5636 eis
3176 5570 3465 5636 recessis
3533 5569 3891 5637 mandavit
3934 5569 4403 5655 infrascriptis
4449 5570 4550 5634 ci-

829 5673 1028 5740 vibus
1070 5670 1310 5739 trium·
1349 5675 1835 5760 squadrarum,
1883 5677 2075 5764 quod
2122 5675 2329 5742 irent'
2374 5678 2854 5744 Mediolanum
2899 5678 2992 5745 ad
3060 5676 3412 5743 dominam
3461 5675 3826 5754 ducissam,
3882 5675 4218 5742 videlicet
4263 5674 4550 5742 domino

833 5778 1490 5867 Johannifrancisco
1536 5781 1878 5861 Cantello,
1928 5783 2246 5849 Galvano
2291 5784 2635 5863 Cantello,
2691 5784 2975 5852 domino
3021 5783 3388 5851 Ludovico
3434 5781 3718 5862 Antino,
3765 5783 3935 5850 alias
3997 5783 4087 5848 de
4150 5782 4551 5872 Gainfasijs,

1021 6017 1101 6057 ια.
1139 6004 1212 6057 ad
1246 6005 1578 6073 adventum]
1616 6006 1690 6059 ad
1727 6008 1958 6058 ventum
1996 6007 2116 6059 cod.
