4895 7066
477 771 634 821 Mun..
670 770 757 815 290

601 1316 643 1347 C·
677 1312 794 1355 ξαν

589 3765 719 3805 ι.34
750 3768 780 3797 v

505 4715 659 4764 Mun..
689 4715 766 4756 2⁹1

911 488 1009 562 34
2122 491 2600 565 CRONICA
2657 491 3242 567 GESTORUM
3569 505 3671 578 [A.
3705 510 3867 601 147β
3893 507 4619 581 novembre-dioembre]

903 752 1201 831 rentino,
1244 751 1366 819 ubi
1409 764 1608 821 erant
1650 755 1823 823 dicti
1852 754 2058 824 ambo
2101 756 2466 835 exercitus,
2512 755 2785 846 gentes'
2815 769 2957 825 tam
2992 771 3366 847 equestres,
3411 780 3619 849 quam
3662 760 4021 847 pedestres
4061 762 4420 848 utriusque
4450 780 4617 847 par-

913 858 1006 925 tis
1049 859 1322 926 iverunt
1366 861 1457 928 ad
1500 861 2058 952 alloggiamenta,
2104 862 2327 931 silicet
2369 876 2618 952 gentes
2662 865 2849 953 regis
2892 875 2962 932 et
3005 886 3188 953 pape
3233 867 3306 931 in
3351 866 3704 934 territorio
3750 866 4040 935 Senensi
4081 880 4150 934 et
4209 868 4365 957 aliJ‘s
4410 867 4619 934 terris

904 964 1248 1045 Ecclesie,
1295 968 1557 1036 munito
1602 970 1861 1055 optime
1908 968 2098 1036 dicto
2145 981 2374 1037 castro
2422 970 2885 1038 Sanctisavini
2928 992 3014 1038 ac
3058 971 3456 1039 Castellina.
3548 972 3807 1041 Gentes
3850 993 4020 1040 vero
4049 974 4616 1041 Florentinorum

910 1072 1188 1139 iverunt
1231 1072 1310 1137 in
1355 1094 1527 1163 agro
1572 1074 1855 1154 Pisano,
1900 1074 1999 1142 ibi
2044 1076 2542 1164 requiesciture
2584 1078 2721 1144 hac
2786 1078 3043 1168 hyeme
3112 1091 3186 1146 et
3230 1079 3582 1147 refecture
3648 1098 3867 1167 equos
3909 1081 4348 1149 macillentos
4391 1091 4461 1148 et
4507 1081 4615 1146 in-

905 1178 1160 1245 firmos.
1249 1180 1411 1246 Dux
1453 1200 1623 1248 vero
1670 1182 1952 1249 Ferarie
1997 1202 2319 1249 reversus
2363 1193 2470 1250 est
2512 1183 2891 1251 Ferariam.
4704 1183 4744 1250 5

1115 1286 1196 1351 In
1243 1288 1588 1376 principio
1632 1290 1888 1356 mensis
1933 1289 2332 1357 novembris
2378 1289 2552 1357 dicti
2592 1289 2759 1357 anni
2811 1289 3000 1371 1478,
3048 1314 3209 1360 cum
3266 1293 3487 1361 rocha
3544 1294 3787 1382 oppidi
3848 1293 4132 1381 Spedie,
4193 1314 4330 1382 que
4392 1305 4499 1361 est
4542 1294 4618 1359 in

911 1389 1139 1459 littore
1186 1395 1396 1460 maris
1427 1394 1790 1482 Januensis
1834 1396 1906 1461 in
1949 1395 2320 1464 Luuesana
2364 1408 2715 1465 teneretur
2758 1418 2888 1484 pro
2932 1410 3115 1467 statu
3159 1400 3567 1479 Mediolani,
3614 1400 3782 1488 quia
3811 1401 4125 1468 homines
4154 1413 4336 1469 terre
4368 1401 4617 1487 expul-

906 1497 1134 1565 lerant
1178 1500 1721 1567 commissarium
1767 1501 1938 1570 dicti
1969 1513 2202 1581 status,
2247 1523 2386 1569 una
2429 1503 2547 1570 die
2595 1523 2752 1569 cum
2795 1526 2973 1571 unus
3018 1528 3106 1572 ex
3151 1506 3430 1574 famulis
3476 1506 3834 1574 castellani
3878 1506 4066 1573 dicte
4124 1508 4309 1574 arcis
4364 1508 4619 1573 exivis-

907 1616 1015 1672 set
1072 1626 1331 1685 arcem,
1390 1620 1469 1674 ut
1530 1620 1786 1675 emeret
1847 1629 2094 1677 carnes
2146 1621 2464 1676 recentes
2525 1632 2569 1702 a
2625 1610 2927 1689 becario,
2988 1612 3089 1678 uti
3147 1613 3417 1680 sollitus
3478 1624 3650 1692 erat,
3711 1635 3959 1681 carnes
4018 1614 4171 1700 ipse
4231 1637 4275 1681 a
4333 1613 4619 1681 becario

911 1724 1252 1778 venenate
1297 1714 1581 1781 {uerunt
1624 1714 1914 1795 dormia,
1979 1714 2229 1802 quibus
2295 1714 2520 1782 coctis
2587 1727 2657 1783 et
2722 1718 3042 1785 comestis
3099 1738 3231 1804 per
3289 1718 3555 1786 dictum
3616 1718 4066 1787 castellanum
4110 1731 4183 1789 et
4226 1719 4616 1797 consocios,
4676 1720 4762 1784 10

912 1837 1148 1884 omnes
1191 1818 1610 1886 dormentati
1655 1831 1831 1886 sunt.
1919 1819 2279 1890 Ascallata
2322 1822 2459 1889 fuit
2498 1833 2568 1890 et
2613 1821 2947 1891 derobata
2991 1846 3118 1891 arx
3158 1825 3333 1911 ipsa,
3380 1825 3656 1891 nemine
3702 1846 3790 1890 ex
3850 1825 4197 1912 deputatis
4239 1822 4334 1893 ad
4391 1825 4616 1912 ipsam

910 1925 1291 1994 custodiam
1353 1927 1713 2007 sentiente,
1773 1928 1884 1994 vel
1936 1928 2238 2008 vidente,
2308 1950 2513 2017 quam
2582 1950 2816 1997 arcem
2882 1930 3201 1998 homines
3246 1930 3336 1999 de
3384 1931 3452 1998 la
3496 1931 3761 2019 Spedia
3825 1933 4269 2000 muniverunt
4333 1932 4618 1999 nomine

912 2030 1382 2117 Januensium.

1100 2138 1386 2220 Cimbri,
1431 2141 1576 2208 sive
1621 2141 1934 2222 Sivizari,
1979 2143 2101 2231 qui
2144 2142 2316 2211 alias
2358 2155 2430 2211 et
2473 2163 2657 2211 anno
2700 2145 3013 2231 proxime
3076 2165 3299 2226 curso,
3360 2158 3649 2232 recepta
3691 2168 3738 2213 a
3780 2157 3961 2214 statu
4004 2146 4394 2214 Mediolani
4427 2157 4623 2237 certa

915 2246 1292 2331 quantitate
1336 2268 1720 2329 aureorum,
1765 2249 2261 2335 promisserant
2305 2261 2374 2317 et
2413 2252 2816 2340 juraverant
2857 2252 3151 2339 amplius
3195 2272 3334 2319 non
3376 2253 3737 2342 insurgere
3770 2264 4016 2321 contra
4045 2254 4372 2322 dominos
4401 2253 4623 2319 duces
4676 2250 4758 2316 15

915 2348 1324 2432 Mediolani,
1369 2354 1460 2421 de
1504 2355 1692 2422 dicto
1738 2375 1971 2423 mense
2015 2357 2410 2427 novembris
2454 2355 2753 2424 absoluti
2802 2370 2873 2427 et
2932 2358 3277 2426 habilitati
3321 2382 3365 2426 a
3410 2359 3602 2426 dicto
3644 2361 4033 2450 juramento
4092 2382 4223 2448 per
4281 2381 4621 2426 summum

914 2459 1346 2544 pontificem,
1393 2461 1832 2551 instigatione
1875 2463 2061 2552 regis
2105 2464 2551 2544 Ferdinandi,
2598 2465 2936 2532 studentis
2979 2478 3051 2532 et
3095 2465 3522 2555 invigilantis
3567 2478 3715 2533 toto
3773 2487 3978 2554 posse
4041 2488 4164 2535 suo
4216 2465 4620 2534 subvertere

916 2575 1167 2631 statum
1210 2567 1620 2648 Mediolani,
1666 2568 1914 2636 iterum
1958 2591 2151 2636 arma
2196 2582 2533 2657 ceperunt
2581 2584 2649 2638 et
2692 2572 2765 2637 in
2810 2571 3108 2638 maximo
3153 2591 3442 2638 numero
3486 2573 4005 2640 insurrexerunt
4066 2584 4313 2642 contra
4355 2573 4625 2640 Bellin-

908 2690 1177 2751 zonam,
1226 2674 1591 2739 maximam
1636 2676 1923 2760 predam
1970 2675 2227 2743 ibidem
2289 2689 2360 2743 et
2420 2678 2911 2745 mortalitatem
2970 2677 3325 2746 faciendo,
3416 2677 3535 2745 Ad
3579 2700 3754 2767 quos
3797 2680 4147 2748 sedandos
4203 2688 4276 2746 et
4333 2678 4622 2767 propul-

909 2780 1168 2845 sandos
1199 2779 1461 2847 domini
1490 2781 1704 2848 duces
1734 2781 2123 2849 Mediolani
2154 2785 2524 2851 misserunt
2552 2785 2802 2852 multas
2831 2796 3071 2874 gentes
3099 2785 3405 2873 undique
3435 2808 3522 2853 ex
3550 2786 3860 2854 dominio
3894 2786 4154 2855 ducalli
4182 2785 4621 2864 recollectas,
4669 2786 4764 2850 20

911 2884 1157 2972 quibus
1200 2888 1559 2972 prefectus
1603 2887 1743 2954 fuit
1787 2908 2021 2956 comes
2064 2890 2418 2956 Marsilius
2461 2891 2784 2958 Torellus
2827 2902 2897 2959 et
2928 2910 3084 2961 com
3116 2912 3201 2959 eo
3231 2893 3521 2959 aderant
3550 2891 4008 2962 Ambrosinus
4037 2894 4128 2962 de
4159 2893 4620 2981 Lugagnano,

918 2991 1327 3077 Zampetrus
1371 2993 1776 3083 Brigamini,
1824 2994 2143 3062 dominus
2187 2996 2436 3063 Petrus
2482 2997 2901 3065 Franciscus
2944 2999 3391 3077 Vicecomes3
3440 2999 3628 3087 quod
3672 3001 4045 3067 sentientes
4075 3000 4148 3065 hi
4177 2998 4623 3087 perfidissimi

921 3096 1317 3177 Teutonici,
1363 3100 1507 3166 sive
1553 3099 1881 3179 Sevizari,
1927 3102 2331 3190 retrogressi
2377 3115 2535 3169 sunt
2577 3104 2650 3169 in
2696 3103 3083 3172 confinibus
3126 3105 3451 3194 territorij
3487 3126 3745 3173 eorum.

1087 3203 1219 3269 Die
1264 3203 1599 3294 vigesimo
1644 3207 1889 3293 quinto
1934 3207 2327 3275 novembris
2370 3208 2545 3275 dicti
2593 3209 2758 3275 anni
2809 3208 2976 3281 1478
3025 3232 3164 3298 qua
3208 3222 3357 3278 erat
3400 3212 3652 3279 festum
3697 3224 3937 3281 sancte
3982 3211 4332 3292 Catarine,
4379 3232 4623 3279 omnes

913 3309 1139 3389 amici,
1185 3311 1492 3378 benivoli
1538 3323 1607 3379 et
1649 3333 1983 3401 sequaces
2031 3314 2296 3381 domini
2340 3315 2708 3401 Baptistini
2752 3316 2843 3382 de
2889 3317 3495 3408 CampofrugosiO,
3559 3320 3680 3406 qui
3738 3330 3937 3386 erant
3979 3319 4051 3384 in
4098 3319 4431 3387 fortilicio
4474 3318 4624 3385 Lu·
4668 3315 4760 3383 25

917 3416 1107 3496 culli,
1155 3417 1244 3483 de
1291 3438 1431 3504 quo
1476 3440 1684 3505 supra
1730 3419 1995 3486 dictum
2042 3432 2165 3501 est,
2214 3421 2554 3489 nollentes
2597 3443 2790 3488 arma
2835 3443 3113 3511 capere,
3159 3423 3294 3489 nisi
3338 3424 3490 3511 ipse
3520 3425 3839 3492 dominus
3867 3422 4289 3511 Baptistinus
4330 3423 4626 3491 haberet

914 3522 1369 3591 Castelletum
1411 3524 1634 3613 Janue
1676 3525 1752 3592 in
1799 3527 2104 3595 dominio
2150 3550 2297 3607 su0,
2341 3528 2656 3596 videntes
2706 3529 2938 3617 ipsum
3001 3550 3151 3597 esse
3217 3531 3290 3597 in
3358 3531 3512 3618 ipso
3581 3531 3960 3600 Castelleto
4029 3551 4187 3598 com
4257 3530 4616 3599 volontate

920 3630 1369 3707 dominorum.
1401 3633 1658 3700 ducum
1703 3632 2113 3714 Mediolani,
2177 3634 2343 3703 dato
2402 3636 2602 3723 signo
2672 3656 2828 3703 com
2895 3636 3282 3704 bombarda
3349 3658 3589 3705 omnes
3659 3640 3749 3705 ad
3816 3658 4008 3705 arma
4075 3649 4498 3704 cucurerunt
4549 3647 4623 3704 et

932 3736 1153 3822 ipsum
1199 3737 1553 3805 dominum
1597 3739 2057 3826 Baptistinum
2106 3744 2449 3810 duxerunt
2491 3743 2566 3808 in
2619 3742 2932 3829 pallatio'
2978 3745 3182 3811 solito
3228 3744 3428 3811 ducis
3485 3745 3732 3833 Janue,
3792 3746 4153 3833 ipsumque
4215 3744 4622 3834 ellegerunt,

913 3862 997 3908 ac
1047 3845 1554 3912 constituerunt
1595 3845 1668 3911 in
1713 3848 1986 3915 ducem.
2076 3848 2350 3915 Deinde
2396 3860 2612 3916 totam
2659 3850 3014 3917 civitatem
3061 3851 3551 3932 discurrentes,
3608 3852 3832 3938 ipsam
3877 3850 4201 3937 plateam,
4244 3862 4622 3938 portasque
4669 3851 4766 3915 30

918 3949 1222 4016 civitatis
1267 3953 1545 4018 nomine
1589 3952 1763 4019 dicti
1807 3953 1976 4021 novi
2023 3954 2224 4020 ducis
2267 3955 2727 4035 muniverunt,
2791 3955 3461 4044 licentiaveruntque
3522 3957 3881 4024 dominum
3909 3937 4352 4036 *RobertuQ
4399 3956 4626 4023 domi-

914 4077 1076 4121 num
1123 4056 1426 4143 Jullium,
1488 4059 1843 4127 dominum
1906 4058 2321 4147 Prosperum
2385 4071 2457 4128 et
2520 4062 2693 4128 alios
2750 4063 3180 4132 Ferdinandi
3242 4065 3448 4153 regis.
3543 4061 3688 4141 Qui
3750 4063 4070 4131 dominus
4127 4064 4432 4151 Prosper
4482 4063 4624 4129 hoc

916 4164 1246 4244 sentiens,
1294 4184 1452 4232 com
1513 4185 1599 4233 ea
1659 4167 1867 4247 omni,
1932 4189 2069 4255 qua
2112 4169 2359 4255 potuit,
2413 4170 2765 4236 artallaria
2811 4170 3083 4258 aufugit
3126 4170 3217 4236 ad
3262 4172 3545 4260 galleas,
3589 4173 3662 4237 in
3707 4193 3844 4239 una
3889 4193 4180 4260 quarum
4226 4172 4389 4239 dum
4435 4170 4628 4237 velet

920 4270 1199 4350 intrare,
1244 4272 1413 4337 assis
1457 4273 1689 4358 pontis
1731 4275 2160 4360 protendens
2191 4297 2234 4341 a
2278 4276 2429 4361 ripa
2458 4277 2669 4341 maris
2718 4276 2809 4343 ad
2852 4278 3148 4364 galleam
3195 4277 3463 4344 decidit
3505 4279 3578 4344 in
3625 4277 3800 4343 mari
3844 4289 3914 4344 et
3957 4278 4075 4344 vix
4119 4277 4330 4343 vitam
4377 4276 4624 4356 evasit,

921 4375 1093 4463 quin
1136 4375 1211 4442 in
1274 4399 1458 4466 aqua
1526 4391 1977 4469 mergeretur.
2067 4381 2403 4448 Dominus
2447 4402 2615 4448 vero
2660 4381 3013 4449 Robertus
3060 4402 3211 4449 com
3259 4384 3450 4450 salvo
3497 4385 3851 4452 conductu
3895 4383 4161 4450 domini
4206 4383 4483 4451 Obiecti
4513 4383 4624 4448 in-
4669 4381 4762 4450 35

923 4482 1130 4549 travit
1174 4483 1250 4549 in
1294 4485 1581 4570 pallatio
1651 4486 2030 4576 carignani
2092 4499 2286 4555 extra
2334 4500 2403 4555 et
2447 4508 2670 4575 prope
2731 4489 3109 4568 civitatem,
3170 4490 3288 4578 qui
3332 4489 3532 4557 locus
3600 4502 3705 4556 est
3770 4489 4048 4557 abbatia
4115 4489 4292 4556 dicti
4354 4489 4625 4556 domini

916 4587 1217 4670 Obiecti,
1266 4590 1555 4681 ipseque
1601 4592 1921 4659 dominus
1966 4592 2392 4680 Baptistinus
2439 4595 2733 4662 munivit
2786 4595 3232 4663 Castelletum
3262 4616 3417 4663 com
3465 4595 3750 4663 licentia
3796 4609 3867 4663 et
3912 4595 4354 4683 beneplacito
4399 4595 4626 4663 domi-

921 4715 1165 4762 norum
1212 4698 1468 4766 ducum
1511 4698 1898 4766 Mediolani
1947 4712 2016 4768 et
2061 4720 2215 4768 com
2262 4701 2470 4768 certis
2513 4704 2741 4788 pactis
2769 4714 2839 4769 et
2871 4701 3223 4790 capitulis'
3254 4703 3679 4769 adinvicem
3721 4702 3925 4770 initis.
4018 4703 4237 4770 Facta
4280 4713 4439 4769 sunt
4484 4701 4622 4766 fal-

919 4802 1109 4869 lodia
1155 4814 1226 4871 et
1271 4805 1533 4871 sonitus
1580 4828 2073 4892 campanarum
2104 4830 2147 4873 a
2177 4808 2360 4875 festo
2391 4808 2468 4875 in
2499 4809 2746 4897 Janua,
2776 4807 2869 4877 ob
2899 4829 3151 4876 novum
3185 4809 3436 4875 ducem
3486 4821 3817 4888 creatum,
3846 4820 3925 4877 ut
3955 4830 4183 4896 supra.
4275 4807 4628 4876 Officiales

917 4929 1106 4988 vem,
1154 4929 1237 4976 ac
1285 4912 1602 4979 dominus
1646 4915 2015 5000 episcopus
2059 4915 2453 4995 Cumarm,
2499 4938 2634 4983 nec
2681 4935 2822 4982 non
2867 4915 3225 4983 Nicollaus
3267 4913 3683 4982 Albanesius
3729 4934 3885 4983 com
3915 4915 4258 4983 sexcentis
4285 4914 4625 5002 provisio·
4674 4917 4766 4981 40

923 5016 1120 5094 natis,
1169 5018 1291 5106 qui
1339 5031 1537 5087 erant
1581 5019 1653 5085 in
1698 5020 2079 5089 Castelleto
2123 5043 2253 5110 pro
2301 5022 2604 5090 dominis
2649 5021 2942 5089 ducibus
2985 5022 3369 5089 Mediolani
3426 5034 3865 5089 recesserunt
3910 5033 3981 5089 et
4025 5034 4364 5090 venerunt
4405 5022 4478 5087 in
4525 5022 4628 5090 ci·

919 5121 1135 5189 vitate
1179 5124 1600 5202 Mediolani3
1649 5126 2013 5213 dictusque
2060 5128 2379 5195 dominus
2408 5128 2770 5207 Obiectus,
2803 5129 2923 5215 qui
2953 5129 3047 5195 ad
3092 5127 3228 5193 hoc
3259 5126 3500 5195 habuit
3530 5128 4065 5215 intelligentiam
4098 5146 4257 5195 com
4303 5126 4629 5215 prefacto

920 5228 1205 5294 domino
1249 5230 1659 5315 BaptistinO,
1705 5231 1982 5299 fulcivit
2027 5244 2097 5299 et
2140 5235 2214 5299 in
2260 5254 2385 5300 sua
2445 5245 2790 5321 potestate
2848 5233 3134 5301 retinuit
3174 5233 3539 5300 Luculum.
3630 5230 3748 5300 Ad
3790 5234 3981 5321 quod
4027 5234 4124 5300 sic
4169 5232 4476 5300 fiendum
4521 5233 4628 5297 in-

921 5332 1136 5400 ducta
1180 5346 1283 5401 est
1331 5337 1616 5403 domina
1662 5339 1936 5406 ducissa
1979 5338 2384 5421 Mediolani,
2432 5359 2591 5407 cum
2622 5339 2825 5408 aliter
2855 5358 2994 5407 non
3021 5352 3259 5427 posset
3302 5340 3604 5407 retinere
3634 5341 4081 5407 Castelletum
4107 5340 4251 5428 jam
4281 5339 4630 5430 victualijs

923 5439 1346 5522 exhaustum,
1394 5463 1526 5510 nec
1573 5444 1639 5509 ei
1682 5466 2093 5514 succurrere
2139 5457 2428 5532 poterat.
4678 5447 4764 5514 45

1103 5545 1310 5614 Anno
1355 5549 1679 5635 predicto
1733 5550 1899 5622 1478
1949 5553 2063 5618 die
2107 5552 2332 5639 primo
2374 5553 2769 5621 decembris
2812 5553 2887 5619 in
2932 5554 3107 5621 hora
3134 5555 3487 5620 tertiarum
3535 5553 3944 5642 magnificus
3974 5553 4297 5622 dominus
4323 5552 4630 5641 Jacobus

919 5654 1302 5721 Bonarelus
1346 5656 1616 5723 ducalis
1659 5658 2081 5744 gubernator
2126 5659 2402 5740 Parme,
2450 5660 2643 5727 facto
2688 5660 2928 5729 debito
2973 5681 3322 5747 processu,
3368 5661 3441 5726 in
3488 5660 3771 5746 publico
3819 5671 3889 5728 et
3933 5659 4193 5747 populo
4240 5671 4624 5746 spectante,

919 5761 1225 5846 appendi
1258 5762 1437 5829 fecit
1465 5785 1594 5850 per
1621 5764 1879 5853 gullam
1914 5766 2004 5831 ad
2036 5766 2442 5834 collonellos
2488 5767 2753 5857 pallatij
2790 5766 3173 5835 communis
3203 5768 3573 5834 Hectorem
3605 5768 3694 5834 de
3727 5766 4036 5835 Grandis
4066 5767 4517 5852 detemptum,
4550 5778 4626 5832 ut

921 5888 1130 5953 supra
1173 5880 1519 5935 narratum
1570 5882 1694 5949 est,
1741 5871 1831 5938 ob
1878 5871 2367 5939 tradimentum
2414 5884 2785 5940 tractatum
2830 5893 2988 5940 com
3035 5872 3356 5940 bannitis.
3447 5874 3586 5939 Hic
3632 5874 3816 5938 enim
3866 5875 4224 5940 confessus
4259 5883 4384 5951 est,
4415 5892 4492 5938 se
4523 5872 4626 5938 lo-

920 5987 1158 6061 qutum
1204 5975 1417 6041 fuisse
1461 5997 1616 6044 com
1661 5977 2002 6064 aliquibus
2049 5999 2137 6044 ex
2182 5979 2385 6046 dictis
2414 5980 2712 6047 bannitis
2755 5991 2895 6047 tam
2943 5981 3015 6045 in
3060 5980 3229 6047 villa
3270 5980 3652 6047 Lentesoni
3685 5981 3867 6047 ultra
3911 5979 4263 6060 Hentiam,
4311 6000 4519 6067 quam
4547 5978 4620 6044 in
4671 5978 4756 6045 50
