4895 7066
889 474 988 550 46
1423 576 1426 579 ,
2180 468 2662 545 CRONICA
2723 459 3310 543 GESTORUM
3979 476 4086 549 [A.
4126 481 4294 535 1479
4336 472 4607 545 maggio]

3710 619 3896 630 ..σοι-..σικ-

1054 743 1192 812 Die
1236 744 1558 832 predicta
1600 742 1825 832 prima
1869 763 2031 832 may
2074 740 2412 830 equitavit
2456 738 2954 808 illustrissimus
2997 738 3319 835 dominus
3364 737 3747 806 Federicus
3791 738 3882 804 de
3927 739 4260 828 Gonzaga
4287 741 4604 808 marchio

879 850 1172 918 Mantue
1200 851 1606 939 capitaneus
1648 860 1864 917 status
1908 847 2295 919 Mediolani
2342 868 2501 915 com
2545 847 2743 936 equis
2793 845 3062 915 duobus
3106 845 3316 925 mille,
3349 868 3434 914 ac
3466 845 3818 933 peditibus
3848 845 4156 935 quinque
4188 860 4498 926 centum,
4531 859 4608 914 ut

880 957 1016 1025 iret
1058 978 1299 1026 versus
1340 957 1767 1026 Florentiam
1814 957 1906 1023 ad
1949 955 2345 1043 oppositum
2392 954 2593 1021 ducis
2636 953 2987 1022 Callabrie
3031 953 3107 1018 in
3150 974 3321 1043 agro
3365 951 3795 1031 Florentino,
3827 953 4156 1041 venitque
4186 953 4500 1043 Regium
4534 966 4606 1022 et

879 1083 966 1130 ex
1010 1064 1248 1154 Regio
1291 1063 1609 1132 transivit
1655 1062 2009 1130 Saxollum
2057 1072 2129 1128 et
2171 1061 2428 1129 exinde
2474 1060 2669 1146 alpes
2708 1079 2835 1147 per
2879 1079 3119 1148 agrum
3164 1059 3686 1127 Pistoriensem.

1064 1171 1298 1238 Vento
1342 1170 1663 1237 Parmam
1710 1170 1998 1237 domino
2043 1166 2352 1236 Antonio
2397 1167 2651 1234 Trotto
2694 1186 2822 1253 pro
2869 1165 3363 1246 commissario,
3425 1165 3542 1232 hic
3587 1166 3772 1232 enim
3820 1187 3864 1231 a
3906 1165 4254 1256 primax-ijs
4299 1178 4603 1254 quatuor
4689 1164 4738 1231 5

877 1278 1334 1364 squadrarum
1377 1276 1626 1343 Parme
1672 1276 1991 1344 visitatus
2034 1275 2190 1355 fuit,
2239 1285 2308 1340 et
2351 1274 2577 1361 primo
2608 1296 2652 1340 a
2679 1272 2985 1362 squadra
3029 1273 3300 1353 Rubea,
3346 1273 3808 1340 antecedente
3842 1272 4126 1340 domino
4157 1273 4379 1339 fratre
4425 1273 4606 1340 Rol-

880 1383 1095 1451 lando
1140 1383 1414 1463 Rubeo,
1462 1383 1716 1451 deinde
1764 1381 2167 1450 doctoribus
2212 1402 2501 1447 numero
2564 1393 2724 1448 octo
2772 1391 2842 1448 et
2886 1379 3041 1468 alijs
3069 1379 3420 1469 primarijs
3463 1379 3682 1465 ipsius
3726 1380 4027 1467 squadre
4073 1378 4250 1446 bene
4297 1390 4368 1445 et
4411 1380 4604 1446 laute

878 1489 1200 1558 inductis.
1288 1488 1458 1556 Alia
1500 1511 1668 1557 vero
1716 1490 1832 1556 die
1877 1488 1968 1556 ab
2014 1488 2171 1579 alijs
2218 1488 2506 1554 aliarum
2552 1487 3004 1575 squadrarum
3050 1487 3367 1553 visitatus
3427 1486 3583 1567 fuit,
3647 1487 3775 1553 sed
3817 1504 3957 1551 non
4004 1498 4144 1553 tam
4190 1486 4601 1567 honorifice,

878 1617 1085 1683 quam
1135 1618 1176 1663 a
1220 1597 1502 1665 Rubeis.
1594 1597 1732 1664 Hic
1782 1596 1969 1664 enim
2016 1586 2547 1664 commissarius·
2570 1614 2806 1662 omnes
2836 1594 3140 1685 benigne
3185 1594 3365 1663 vidit
3407 1606 3478 1661 et
3507 1595 3818 1660 hortatus
3850 1604 3954 1660 est
3998 1594 4090 1660 ad
4133 1592 4314 1660 bene
4358 1593 4602 1660 viven-

885 1703 1072 1783 dum,
1118 1705 1457 1794 jussitque
1503 1726 1635 1793 per
1675 1703 2031 1791 publicum
2075 1702 2434 1790 proclama
2492 1723 2686 1768 arma
2748 1701 3031 1788 deponi.
3123 1701 3435 1790 Cumque
3498 1722 3541 1765 a
3597 1700 3833 1766 multis
3878 1701 3966 1768 de
4013 1699 4332 1788 squadris
4376 1700 4603 1768 tribus
4657 1701 4747 1767 lo

891 1810 1405 1897 quodammodo
1451 1812 1905 1889 fastidiremr,
1955 1831 2111 1876 eum
2157 1809 2250 1875 ad
2293 1808 2534 1874 missas
2580 1819 2650 1875 et
2692 1829 2822 1897 per
2866 1808 3217 1875 civitatem
3278 1806 3778 1874 associantibus
3838 1817 3908 1873 et
3952 1826 4107 1874 com
4153 1829 4241 1874 eo
4286 1807 4603 1874 fraterne

878 1917 1118 1984 vivere
1152 1917 1708 1998 monstrantibus,
1738 1919 1890 2005 ipse
1920 1917 2213 2005 cupiens
2244 1914 2562 1983 omnibus
2593 1916 2915 2004 equalem
2959 1915 3034 1981 in
3075 1915 3226 2003 jure
3270 1934 3348 1981 se
3394 1915 3892 1993 demonstrare,
3939 1913 4237 1981 inhibuit
4282 1913 4604 1981 omnibus

878 2024 1079 2092 talles
1121 2026 1616 2093 associationes
1662 2036 1733 2092 et
1777 2024 2312 2102 familiaritates,
2356 2035 2800 2110 preterquam
2844 2022 3035 2090 horis
3080 2021 3448 2101 audientie,
3493 2021 3684 2109 quod
3742 2021 4161 2109 permoleste
4207 2021 4419 2088 cessit
4476 2021 4603 2087 tri-

883 2129 1015 2198 bus
1058 2132 1379 2218 squadris
1394 2158 1415 2211 3
1465 2133 1716 2200 ceteris
1760 2131 2202 2220 morigeratis
2246 2142 2316 2197 et
2357 2130 2534 2221 juris
2576 2130 3005 2198 amatoribus
3048 2129 3384 2216 placitum
3431 2128 3586 2195 fuit.

1057 2239 1330 2320 Quarto
1354 2261 1515 2331 may
1546 2238 1714 2312 1479
1746 2240 2067 2307 dominus
2095 2237 2456 2305 Robertus
2480 2239 2570 2305 de
2597 2237 2857 2305 Sancto
2892 2237 3228 2306 Severino
3252 2258 3411 2303 cum
3436 2237 3721 2304 domino
3743 2237 3924 2304 duce
3951 2233 4172 2315 Barri,
4196 2255 4282 2301 ac
4309 2234 4599 2303 domino
4655 2234 4735 2301 15

893 2345 1260 2415 Ludovico
1306 2347 1638 2415 fratribus
1668 2347 1970 2438 Sforcijs
2001 2356 2072 2412 et
2104 2367 2264 2413 cum
2310 2356 2488 2413 totto
2519 2365 2760 2412 eorum
2792 2344 3123 2423 exercitu,
3157 2363 3297 2411 non
3344 2346 3659 2411 valentes
3691 2343 3986 2430 amplius
4012 2343 4275 2410 morari
4305 2342 4380 2408 in
4412 2343 4600 2422 loco,

881 2450 1004 2518 ubi
1050 2473 1125 2518 se
1171 2465 1549 2540 posuerant
1592 2455 1782 2521 intra
1823 2454 2146 2520 Filletum
2179 2464 2250 2520 et
2280 2451 2608 2521 Sanctam
2653 2451 3097 2541 Malgaritam
3145 2462 3216 2518 et
3259 2453 3402 2541 jam
3449 2453 3642 2537 alpes
3674 2461 4065 2517 transeunte
4098 2448 4384 2517 domino
4415 2470 4601 2514 mar-

884 2556 1138 2626 chione
1183 2559 1477 2626 Mantue
1539 2582 1748 2647 supra
1806 2559 2170 2639 Mutinam,
2215 2571 2292 2627 ut
2336 2577 2409 2625 se
2455 2558 2776 2648 jungeret
2839 2577 2995 2624 com
3063 2558 3345 2625 domino
3417 2558 3597 2625 duce
3643 2557 3955 2636 Ferarie,
4001 2577 4089 2622 ex
4132 2577 4218 2623 eo
4264 2555 4427 2623 loco
4488 2574 4602 2621 re-

887 2664 1099 2732 cessit
1146 2677 1214 2732 et
1257 2667 1448 2733 venit
1493 2667 1567 2732 in
1614 2668 1771 2733 loco
1813 2666 2169 2733 Lavencie
2230 2686 2454 2754 prope
2515 2665 2677 2732 litus
2736 2665 2946 2732 maris
2989 2665 3065 2730 in
3108 2665 3498 2744 Lunesana,
3546 2664 3845 2732 credens
3891 2681 4142 2750 capere
4186 2661 4600 2729 Fivizanum

878 2782 948 2837 et
992 2773 1421 2854 Castionum,
1468 2793 1602 2861 que
1648 2785 1806 2839 sunt
1852 2774 1991 2840 duo
2039 2784 2266 2845 castra
2308 2772 2383 2838 in
2424 2772 2737 2839 Lunensi
2778 2771 3366 2852 Florentinorum,
3412 2773 3487 2838 in
3533 2771 3803 2860 quibus,
3852 2782 3923 2837 et
3968 2769 4274 2848 Cararia,
4338 2780 4602 2836 tracta-
4647 2771 4741 2834 20

882 2889 1026 2943 tum
1074 2890 1145 2946 et
1189 2879 1659 2967 proditionem
1704 2878 2030 2947 habebat.
2122 2876 2288 2957 Qua
2331 2879 2612 2947 detecta
2656 2890 2726 2946 et
2772 2879 3031 2944 nullum
3065 2880 3310 2947 sortita
3339 2879 3691 2958 effectum,
3725 2888 3957 2945 castra
3986 2898 4111 2943 sua
4154 2875 4425 2943 ibidem
4455 2875 4599 2942 La-

876 2985 1131 3052 vencie
1170 2986 1491 3066 firmavit,
1536 2988 1933 3078 jussumque
1980 2985 2117 3052 fuit
2160 2985 2544 3052 marchioni
2591 2983 2881 3052 Mantue
2939 2986 3083 3074 jam
3130 2986 3326 3072 alpes
3388 3005 3546 3052 cum
3604 2984 3930 3075 gentibus
3988 2982 4128 3050 suis
4188 2984 4597 3062 transeunti,

873 3108 963 3157 ne
1010 3090 1303 3159 ulterius
1347 3092 1911 3181 progrederetur.
2002 3089 2354 3178 Cupiebat
2415 3092 2600 3158 enim
2662 3092 2851 3159 idem
2911 3091 3236 3158 dominus
3295 3091 3671 3170 Robertus,
3733 3089 4032 3158 obtentis
4077 3089 4280 3156 dictis
4326 3089 4601 3157 duobus

876 3198 1142 3277 castris,
1189 3219 1345 3265 com
1388 3209 1539 3267 toto
1571 3219 1696 3266 suo
1726 3199 2039 3265 exercitu
2083 3197 2281 3285 alpes
2327 3199 2619 3265 transire
2667 3212 2735 3265 et
2778 3219 2909 3285 per
2952 3199 3133 3265 viam
3164 3198 3539 3265 Terrarum
3584 3197 3887 3264 Militum
3919 3198 3993 3263 in
4021 3196 4401 3263 Parmense
4429 3217 4599 3283 per-

873 3306 1191 3373 transire.
1266 3307 1686 3393 Dictumque
1716 3305 1871 3385 fuit,
1904 3305 2131 3393 ipsum
2162 3304 2424 3372 habere
2458 3304 2749 3373 circiter
2778 3307 3023 3373 decem
3052 3304 3244 3372 mille
3290 3325 3643 3392 personas.
3720 3304 3937 3385 Quod
3976 3303 4240 3392 jamdiu
4271 3304 4601 3370 timentes
4642 3300 4733 3368 25

872 3410 1315 3478 illustrissimi
1359 3412 1626 3479 domini
1673 3411 1892 3479 duces
1936 3411 2322 3479 Mediolani
2367 3411 2626 3478 muniri
2671 3411 2997 3478 fecerunt
3042 3423 3270 3478 castra
3313 3410 3703 3478 Belvedere
3752 3421 3822 3478 et
3850 3410 4120 3488 Tizani,
4151 3430 4237 3476 ac
4271 3409 4597 3475 demoliri

869 3527 1130 3584 turrem
1181 3517 1499 3597 Scurani,
1547 3541 1706 3587 cum
1751 3517 1886 3585 hec
1931 3529 2215 3606 possent
2266 3537 2523 3586 nocere
2586 3517 2794 3584 statui
2853 3516 3264 3596 Mediolani,
3310 3517 3367 3584 si
3416 3516 3643 3586 dictus
3687 3516 4006 3585 dominus
4049 3515 4406 3584 Robertus
4466 3537 4598 3603 per

873 3646 1027 3690 eam
1068 3626 1309 3693 villam
1353 3625 1718 3693 transitum
1764 3626 2058 3705 faceret,
2103 3634 2313 3712 prout
2371 3644 2540 3711 sepe
2603 3625 2992 3690 cominatus
3037 3635 3162 3691 est.
3253 3613 3382 3692 Ex
3422 3644 3561 3712 quo
3607 3625 4116 3691 commissarius
4157 3624 4410 3691 Parme
4467 3624 4596 3691 du-

874 3731 1165 3817 plicavit
1207 3732 1537 3823 guardias
1582 3733 1675 3799 ad
1719 3744 1956 3819 portas
2000 3732 2236 3818 platee
2284 3742 2357 3798 et
2403 3732 2704 3799 civitatis
2747 3731 3023 3799 Parme.

1048 3839 1367 3927 Septimo
1423 3861 1583 3929 may
1645 3839 1834 3926 capti
1893 3849 2051 3906 sunt
2110 3839 2250 3905 duo
2303 3859 2391 3904 ex
2444 3837 2952 3924 principalibus
2996 3839 3204 3905 castri
3249 3839 3536 3907 Cararie
3577 3838 3921 3905 Lunensis
3966 3836 4286 3916 diocesis,
4331 3838 4597 3924 princi·
4641 3838 4733 3902 30

871 3944 1070 4033 pales
1132 3945 1310 4013 dicti
1370 3956 1703 4013 tractatus
1764 3956 1834 4011 et
1893 3945 2114 4011 furcis
2175 3944 2465 4032 appensi
2526 3944 2602 4009 in
2645 3955 2833 4011 terra
2887 3945 3337 4024 Pontremuli,
3397 3967 3557 4012 nam
3621 3945 3692 4010 hi
3738 3957 3995 4012 terram
4040 3944 4260 4031 ipsam
4303 3943 4597 4011 Cararie

878 4039 1369 4139 promisserant
1412 4052 1808 4139 proditione
1852 4052 2019 4118 dare
2068 4051 2259 4119 dicto
2306 4050 2591 4118 domino
2637 4051 2978 4132 Roberto,
3026 4052 3117 4120 ob
3164 4053 3354 4138 quod
3383 4053 3558 4142 illuc
3588 4072 3810 4139 prope
3839 4049 4053 4119 venit'
4085 4070 4243 4118 com
4274 4061 4418 4117 toto
4465 4070 4595 4116 suo

881 4158 1230 4237 exercitu3
1277 4159 1405 4226 sed
1452 4159 1731 4226 detecta
1771 4157 2171 4245 proditione
2218 4168 2289 4223 et
2337 4158 2561 4244 captis
2605 4158 3100 4244 proditoribus,
3165 4159 3314 4246 ipse
3375 4159 3696 4225 dominus
3753 4158 4110 4227 Robertus
4153 4157 4436 4224 delusus
4479 4175 4597 4224 re-

879 4266 1153 4345 mansit,
1198 4284 1334 4332 nec
1378 4265 1472 4332 ad
1516 4276 1830 4352 optatum
1875 4275 1949 4330 et
1992 4264 2429 4360 designatum
2476 4265 2684 4332 finem
2729 4286 2926 4331 suum
2972 4266 3340 4354 pervenire
3402 4265 3648 4352 potuit.
3741 4266 4293 4353 Squartatusque
4338 4262 4473 4330 fuit
4518 4262 4597 4329 in

876 4368 1326 4439 Pontremulo
1371 4371 1654 4460 quidam
1723 4374 1814 4438 de
1880 4372 2075 4438 curia
2116 4372 2460 4464 Raygusij
2512 4373 2703 4440 dicte
2761 4372 3180 4461 proditionis
3239 4372 3613 4459 particeps,
3667 4372 3929 4459 quique
3990 4371 4308 4438 homines
4365 4370 4589 4458 ipsius
4636 4369 4725 4436 35

875 4477 1069 4546 curie
1116 4490 1185 4547 et
1228 4479 1605 4546 Terrarum
1650 4478 1954 4545 Militum
2001 4477 2452 4560 animaverat,
2499 4492 2576 4547 ut
2618 4480 2978 4547 transitum
3025 4480 3270 4546 darent
3316 4479 3597 4545 domino
3642 4479 3980 4547 Robert0.

1061 4586 1375 4653 Recesso
1420 4586 1711 4653 domino
1757 4585 2073 4653 Roberto
2118 4608 2161 4652 a
2204 4587 2517 4673 partibus
2547 4587 2817 4654 Pisanis
2861 4598 2929 4653 et
2972 4597 3178 4653 vento
3220 4586 3649 4667 Laventiam,
3681 4587 3823 4654 dux
3852 4587 4216 4668 Hercules,
4251 4585 4370 4674 qui
4401 4584 4591 4653 Pisis

762 4773 768 4785 .
869 4704 1038 4772 erat,
1085 4692 1242 4760 loca
1309 4704 1379 4760 et
1445 4693 1940 4783 allogiamenta
2007 4693 2175 4759 dicti
2245 4693 2512 4761 domini
2566 4694 2885 4774 Roberti,
2931 4714 3069 4782 que
3116 4693 3190 4760 in
3237 4715 3404 4783 agro
3449 4692 3703 4761 Pisano
3767 4692 4148 4772 obtinebat,
4194 4692 4480 4759 intravit
4525 4703 4595 4759 et

872 4799 1268 4886 occupavit.
1359 4799 1612 4868 Comes
1658 4799 1953 4868 Carolus
1998 4803 2089 4867 de
2136 4799 2479 4867 Montono
2543 4802 2947 4889 capitaneus
2991 4802 3417 4868 Venetorum
3483 4821 3638 4867 com
3686 4800 3997 4868 exercitu
4043 4822 4169 4870 suo
4215 4800 4474 4867 vallido
4521 4812 4596 4866 et

869 4906 1191 4973 dominus
1234 4906 1548 4974 marchio
1592 4906 1886 4973 Mantue
1951 4927 2108 4975 com
2168 4927 2290 4974 suo
2349 4908 2782 4975 intraverunt
2843 4908 2916 4973 in
2977 4928 3146 4998 agro
3204 4907 3517 4986 Lucano,
3580 4908 3942 4975 obviantes
4007 4926 4139 4995 per
4206 4927 4360 4974 eam
4405 4907 4593 4972 viam
4641 4909 4729 4972 40

871 5011 1198 5079 victualia
1243 5013 1396 5080 dari
1441 5014 1576 5100 ipsi
1621 5013 1905 5081 domino
1950 5013 2268 5081 Roberto
2315 5026 2386 5081 et
2430 5015 2842 5081 ordinantes
2889 5034 3043 5082 eum
3103 5015 3398 5102 insequi,
3447 5014 3566 5102 qui
3609 5025 3826 5081 totam
3870 5015 4020 5081 eius
4065 5034 4259 5101 spem
4306 5013 4375 5079 in
4427 5035 4594 5080 eva-

867 5120 1098 5187 dendo
1127 5131 1458 5207 posuerat
1503 5120 1574 5186 in
1605 5119 1852 5208 galleis
1881 5120 1954 5186 in
1982 5131 2184 5207 portu
2210 5120 2550 5188 Laventie
2581 5121 3053 5200 existentibus,
3087 5121 3232 5187 sive
3263 5121 3335 5187 in
3366 5142 3442 5188 se
3471 5120 3962 5189 transferendo
3993 5121 4086 5188 ad
4114 5131 4391 5208 portum
4417 5121 4594 5208 Spe·

867 5227 1004 5297 die.
1052 5227 1211 5294 Hoc
1237 5227 1445 5293 etiam
1465 5237 1781 5314 tempore
1805 5226 2020 5319 medij
2049 5227 2307 5295 mensis
2328 5228 2539 5317 madij
2571 5229 2736 5295 anni
2770 5226 2937 5300 1479
2960 5228 3108 5315 ipse
3131 5229 3449 5295 dominus
3472 5227 3823 5296 Robertus
3844 5228 4232 5316 temptabat
4260 5229 4594 5316 quasdam

866 5334 1239 5402 seditiones
1268 5334 1608 5400 seminare
1635 5333 1709 5399 in
1735 5334 2070 5422 Januensi
2105 5346 2349 5402 contra
2379 5335 2736 5401 dominum
2771 5336 3022 5403 ducem
3044 5336 3288 5424 Janue,
3323 5347 3397 5401 ut
3426 5335 3570 5403 illic
3606 5333 3694 5401 ab
3727 5335 4148 5425 adversas-ijs
4180 5332 4358 5400 dicti
4390 5334 4595 5401 ducis

877 5452 1233 5528 receptum
1280 5441 1595 5521 haberet,
1640 5453 1856 5528 utque
1904 5441 2219 5508 dominos
2250 5443 2472 5509 duces
2502 5441 2891 5509 Mediolani
2922 5442 2997 5507 in
3028 5440 3379 5537 laboribus
3412 5454 3482 5508 et
3513 5442 3837 5528 expensis
3867 5442 4212 5509 faticaret.
4293 5442 4590 5530 Jamque
4639 5440 4719 5508 45

869 5546 1191 5615 dominus
1214 5547 1554 5615 Obiectus
1579 5549 1667 5615 de
1695 5547 1927 5616 Flisco
1950 5546 2322 5635 colligatus
2344 5547 2481 5636 ipsi
2504 5548 2783 5615 domino
2801 5548 3119 5616 Roberto
3143 5548 3511 5636 temptavit
3533 5548 3786 5615 ducem
3808 5549 4031 5637 Janue
4066 5547 4300 5614 occidi
4323 5548 4592 5627 facere,

738 5709 743 5712 .
869 5655 961 5721 de
990 5674 1129 5742 quo
1157 5654 1494 5741 previsus,
1526 5654 1872 5722 Luculum
1905 5654 2074 5722 alias
2099 5654 2231 5723 sibi
2264 5674 2672 5723 concessum
2699 5655 2927 5722 eidem
2954 5656 3236 5723 domino
3262 5654 3563 5723 Obiecto
3594 5655 3874 5722 abstulit
3904 5665 3974 5721 et
4002 5675 4131 5741 pro
4163 5674 4239 5721 se
4270 5655 4590 5732 munivit,

871 5759 996 5849 qui
1044 5760 1237 5827 locus
1280 5760 1708 5846 permaxime
1757 5760 2002 5828 obesse
2048 5772 2321 5848 poterat
2367 5761 2559 5828 dicto
2607 5761 2794 5828 duci.
2888 5761 3232 5848 Sperabat
3295 5780 3574 5849 quoque
3633 5760 3820 5826 idem
3869 5760 4190 5828 dominus
4232 5759 4594 5827 Robertus

872 5866 1209 5953 consequi
1240 5887 1284 5932 a
1313 5887 1481 5957 rege
1513 5866 1962 5934 Ferdinando
1993 5886 2242 5934 aureos
2272 5867 2582 5955 quinque
2615 5880 2687 5935 et
2715 5867 2968 5956 viginti
3000 5867 3189 5934 mille
3222 5867 3355 5935 sibi
3376 5889 3504 5955 pro
3529 5866 3875 5954 stipendio
3905 5866 4299 5953 promissos,
4332 5865 4591 5954 quibus

866 5973 1334 6063 stipendiariis
1376 5984 1613 6060 posset
1657 5973 2028 6041 subvenire
2060 5986 2131 6042 et
2159 5994 2379 6041 novos
2408 5974 2660 6043 milites
2691 5976 3084 6043 conducere
3119 5986 3191 6042 et
3221 5975 3350 6043 sub
3379 5974 3532 6043 talli
3562 5995 3688 6063 spe
3715 5984 3960 6064 gentes
3989 5994 4146 6041 suas
4177 5973 4589 6041 hortabatur
4634 5972 4716 6039 50
