4895 7066
463 4164 618 4217 Mum,
652 4165 736 4208 380

915 443 1059 525 106
2184 447 2664 528 cRoN1cA
2719 447 3299 528 GEsToRUM
3554 456 3661 533 [a
3702 458 3861 518 14⁸1
3903 427 4295 534 agno-14⁸2
4333 457 4612 533 magau]

1842 602 2980 612 m·m—mn-umm-——m-an-omou-um-
2984 603 3409 613 mom-meo·-

903 603 1611 614 mmmmm-num-u-num

1074 715 1485 803 Dictumque
1519 715 1669 794 fuit,
1717 715 1892 781 duos
1924 714 2125 812 filiios
2168 716 2432 781 Turchi
2465 737 2539 782 se
2569 715 2866 780 invicem
2899 715 3357 782 concordasse
3393 728 3462 780 et
3493 714 4108 801 secundogenitum
4144 714 4618 801 principatum

896 822 1287 901 obtinuisse,
1335 821 1459 889 sed
1505 833 1735 887 tamen
1779 821 1959 888 intra
2003 843 2076 887 se
2122 821 2473 908 pecunias,
2519 823 2911 899 thexauros‚
2960 840 3176 908 equos
3221 834 3291 887 et
3334 822 3712 910 armigeros
3759 820 4065 887 divisisse
4113 820 4473 909 equaliter.

1072 930 1228 996 Hoc
1258 941 1571 1014 tempore
1603 927 2006 1015 magnificus
2037 927 2354 993 dominus
2384 911 2739 1014 Johannes
2769 927 3168 993 Bentivolus
3198 927 3653 994 Bononiensis
3686 927 3881 994 dedit
3906 949 4113 992 unam
4146 949 4336 993 suam
4370 927 4618 992 filliam

895 1036 967 1102 in
1011 1057 1297 1103 uxorem
1344 1034 1623 1101 domino
1671 1033 1994 1101 Galleoto
2054 1033 2144 1099 de
2204 1033 2598 1100 Manfredis
2644 1034 2925 1100 domino
2972 1031 3329 1112 Faventie,
3375 1034 3561 1100 unde
3603 1019 4036 1100 'adveniente
4094 1034 4341 1099 comite
4406 1033 4616 1120 Jero-

896 1142 1082 1209 nimo
1128 1141 1369 1208 summi
1413 1139 1760 1227 pontificis
1806 1138 1967 1206 Sisti
2010 1151 2268 1225 nepote
2303 1150 2372 1204 et
2403 1139 2771 1226 capitaneo
2817 1138 3134 1204 Ecclesie
3180 1139 3555 1206 Forlivium
3589 1121 3658 1205 et
3688 1138 4083 1205 Faventinis
4114 1137 4615 1218 dubitantibus,
4717 1137 4758 1204 5

894 1249 1250 1335 prefactus
1280 1246 1595 1313 dominus
1625 1245 1978 1333 Johannes
2007 1241 2411 1312 Bentivolus
2439 1245 2773 1312 Faventie
2804 1245 3021 1311 missit
3050 1246 3428 1334 armigeros
3459 1258 3531 1312 et
3559 1245 3831 1333 pedites
3861 1266 4067 1333 quam
4098 1246 4347 1312 multos
4378 1245 4451 1311 in
4485 1246 4618 1312 de-

895 1355 1210 1421 fensione
1254 1354 1610 1420 Faventie.

1070 1461 1331 1547 Captus
1378 1460 1510 1527 fuit
1553 1459 1659 1526 his
1701 1458 2124 1546 temporibus
2169 1459 2450 1547 quidam
2496 1459 2714 1525 frater
2761 1459 3021 1526 ordinis
3064 1459 3411 1525 Minorum
3455 1460 3526 1525 in
3587 1458 4085 1528 Casallimaiori
4148 1479 4612 1538 commorans,

891 1569 1008 1657 qui
1064 1580 1142 1633 ut
1202 1589 1244 1633 a
1304 1567 1544 1654 Judeis
1604 1578 2173 1653 quatuorcentum
2234 1586 2482 1632 aureos
2540 1553 2956 1652 perciperet,
3016 1578 3225 1652 pacto
3284 1566 3464 1632 inter
3509 1587 3630 1650 eos
3675 1568 3888 1645 facto,
3953 1565 4210 1633 occidit
4255 1566 4612 1652 quendam

891 1696 1179 1762 puerum
1224 1673 1404 1740 ultra
1448 1673 1675 1739 Olium
1721 1684 1791 1740 et
1834 1672 1934 1737 illi
1978 1673 2378 1760 sanguinem
2427 1671 2771 1738 extrhaxit
2814 1692 2952 1759 quo
2999 1672 3205 1759 Judei
3248 1686 3527 1740 utuntur
3570 1695 3698 1760 pro
3748 1673 3954 1740 certis
3984 1694 4220 1739 eorum
4252 1665 4612 1740 infirmita-
4673 1675 4756 1738 10

894 1781 1110 1857 tibus3
1158 1793 1229 1847 et
1273 1781 1426 1846 Deo
1470 1780 1746 1846 volente
1792 1780 1864 1844 in
1910 1777 2147 1845 habitu
2192 1780 2413 1845 sancti
2459 1777 2826 1867 Augustini
2870 1778 3189 1846 inventus
3232 1780 3495 1867 positus
3540 1793 3645 1848 est
3690 1801 3776 1848 eo
3821 1780 4030 1847 modo
4075 1779 4147 1845 in
4192 1778 4405 1867 gabia
4434 1780 4612 1848 Cre-

890 1908 1096 1955 mone
1142 1888 1233 1954 ad
1279 1887 1516 1953 turrim
1561 1885 2029 1976 Campanazij.

2616 2323 2892 2390 1482.

1065 2546 1458 2614 Undecimo
1503 2546 1754 2613 mensis
1816 2568 1977 2636 may
2023 2567 2109 2612 ex
2155 2546 2395 2612 ordine
2459 2546 2661 2612 trium
2716 2546 3162 2634 squadrarum
3206 2545 3458 2614 Parme
3519 2545 3712 2613 simul
3774 2546 4115 2613 unitarum
4175 2557 4246 2614 et
4303 2545 4612 2634 squadre
4666 2543 4742 2610 15
4837 2537 4839 2544 ’

885 2652 1137 2720 Rubee
1184 2653 1697 2731 inimicantium,
1744 2653 1937 2719 facta
1980 2652 2113 2718 fuit
2157 2674 2294 2718 888
2340 2652 2696 2718 credentia
2743 2652 2990 2718 civium
3020 2653 3462 2738 privatorum,
3494 2653 3567 2719 in
3597 2675 3733 2741 qua
3761 2653 4187 2740 propositum
4231 2653 4383 2738 fuit,
4420 2652 4614 2718 ordi-

886 2772 1120 2827 natum
1168 2772 1238 2825 et
1286 2758 1662 2837 obtentum,
1710 2759 1898 2846 quod
1945 2758 2264 2845 expensis
2311 2758 2693 2826 communis
2738 2759 2904 2825 fiant
2947 2759 3219 2846 pedites
3245 2759 3561 2826 mittendi
3591 2760 3683 2826 ad
3716 2758 4187 2827 obscidionem
4221 2771 4612 2827 castrorum

885 2866 1231 2954 magnifici
1279 2864 1537 2931 domini
1583 2864 1986 2932 Petrimarie
2032 2863 2284 2932 Rubei.

1065 2971 1584 3039 Tertiodecimo
1629 2972 1882 3037 mensis
1926 2993 2087 3061 may
2133 2984 2377 3058 gentes
2424 2970 2764 3060 armigere
2813 2970 3064 3037 Rubee
3109 2972 3472 3038 maximam
3504 2972 3964 3039 incursionem
3997 2973 4318 3039 fecerunt
4362 2993 4606 3040 versus

888 3078 1232 3146 civitatem
1279 3077 1527 3144 Parme
1561 3100 1604 3144 a
1634 3077 1901 3144 duobus
1934 3076 2277 3156 lateribus,
2308 3078 2637 3144 videlicet
2667 3078 2758 3144 ad
2788 3091 3058 3165 portam
3107 3077 3344 3145 Sancti
3388 3077 3763 3158 Francisci,
3807 3079 3928 3146 ubi
3974 3079 4382 3146 occiderunt
4430 3080 4606 3146 duos
4657 3081 4743 3143 20

884 3186 1387 3273 provisionatos
1432 3184 1742 3251 ducalles
1789 3197 1859 3251 et
1901 3184 2262 3249 maximam
2309 3184 2597 3271 predam
2644 3185 2965 3251 fecerunt
2997 3184 3365 3252 bestiarum
3396 3185 3907 3273 hominumque,
3938 3185 4197 3273 populo
4243 3208 4441 3253 arma
4488 3207 4604 3252 ca-

883 3293 1140 3381 piente,
1173 3294 1298 3359 sed
1328 3314 1469 3359 non
1505 3292 1711 3381 longe
1745 3305 1939 3358 extra
1973 3291 2317 3357 civitatem
2349 3303 2680 3369 exeunte3
2715 3303 2786 3357 et
2815 3291 2903 3358 ab
2937 3291 3072 3357 alio
3105 3291 3317 3358 latere
3350 3314 3587 3359 versus
3616 3304 3887 3379 portam
3918 3292 4159 3359 Sancti
4186 3292 4607 3371 Michaellis,

886 3412 1164 3466 stratam
1209 3398 1604 3487 magistram
1654 3398 2144 3476 discurrentes,
2192 3396 2311 3463 ubi
2351 3396 2546 3484 juxta
2606 3397 2937 3463 Sanctum
2998 3396 3413 3484 Prosperum
3457 3398 3529 3464 in
3577 3410 3790 3465 strata
3833 3397 4124 3465 Claudia
4169 3400 4608 3485 reperierunt

883 3507 1272 3596 Johannem
1317 3505 1673 3572 Farasium
1737 3525 1824 3571 ex
1882 3503 2291 3592 sequacibus
2353 3504 2612 3571 domini
2672 3504 3002 3592 Jeronimi
3061 3504 3397 3595 Bemerij,
3460 3526 3664 3594 quem
3726 3505 3952 3572 multis
4008 3505 4408 3573 confossum
4456 3505 4609 3573 vul-

882 3613 1162 3680 neribus
1206 3613 1349 3678 illic
1379 3624 1719 3678 mortuum
1752 3612 2203 3679 dimisserunt.
2296 3611 2432 3677 Hic
2466 3611 2648 3677 enim
2677 3612 3087 3678 interfuerat
3115 3631 3486 3678 sacomano
3521 3611 3928 3679 Rubeorum
3961 3624 4030 3678 et
4060 3612 4353 3678 maxime
4386 3611 4611 3678 abba·
4658 3613 4737 3678 25

884 3720 978 3786 tie
1027 3719 1262 3787 Sancti
1293 3718 1649 3808 Johannis,
1682 3718 1754 3783 in
1786 3739 1923 3806 qua
1949 3718 2182 3808 ignem
2215 3730 2563 3804 posuerat,
2596 3716 2986 3785 batifollum
3017 3717 3405 3806 dirruperat
3436 3730 3507 3785 et
3537 3718 3673 3785 alia
3702 3717 4066 3807 sacrilegia
4111 3718 4608 3786 commisserat.

884 3826 975 3892 Et
1018 3827 1158 3894 hoc
1203 3838 1514 3913 tempore
1564 3823 1947 3891 offitialibus
1990 3823 2379 3893 vetantibus
2423 3823 2777 3891 strimitam
2825 3844 3160 3911 campane
3195 3825 3284 3890 de
3317 3823 3554 3913 tertijs,
3589 3825 3976 3891 ordinatum
4023 3838 4145 3904 est,
4191 3826 4358 3891 dum
4405 3826 4613 3893 talles

880 3932 1305 3999 incursiones
1350 3933 1540 4010 fiunt,
1586 3931 1964 3997 stremizari
2008 3922 2369 4020 Bayonum
2402 3942 2473 3996 et
2503 3931 2574 3996 in
2605 3930 2850 4018 Capite
2884 3931 3122 3999 Pontis
3154 3952 3562 4019 campanam
3611 3931 3847 3999 Sancti
3897 3931 4230 4021 Gervasij.
4327 3931 4611 4010 Quibus

886 4038 1281 4105 sonantibus
1326 4059 1370 4104 a
1416 4036 1677 4104 civibus
1723 4037 1958 4103 furore
2004 4037 2246 4124 populi
2292 4058 2484 4103 arma
2531 4035 2999 4122 capiebantur.

1062 4146 1216 4211 Hac
1249 4145 1454 4211 etiam
1487 4143 1600 4211 die
1634 4142 1949 4209 dominus
1980 4143 2331 4230 Johannes
2359 4142 2666 4232 Jacobus
2713 4143 2800 4210 de
2848 4144 3203 4211 Trivulcio
3237 4145 3571 4234 allogians
3613 4146 3688 4211 in
3734 4158 3961 4213 castro
4007 4146 4243 4214 Sancti
4290 4143 4609 4226 Andree,
4654 4148 4735 4212 30

883 4250 1197 4319 discessit
1241 4263 1312 4317 et
1356 4272 1430 4317 se
1480 4249 1767 4316 contulit
1813 4249 1904 4314 ad
1947 4248 2459 4328 Casallemaius‚
2508 4249 2860 4337 loquturus
2908 4270 3062 4316 com
3109 4251 3286 4318 duce
3333 4250 3581 4319 Urbini
3610 4251 3775 4319 illuc
3820 4265 4030 4320 vento
4060 4273 4190 4339 pro
4236 4255 4610 4321 tractanda

882 4378 1081 4444 pace.
1174 4357 1318 4425 Sed
1362 4357 1525 4445 quia
1566 4378 1705 4444 pax
1751 4355 1978 4422 locum
2023 4375 2165 4422 non
2209 4355 2431 4443 potuit
2474 4355 2756 4435 habere,
2804 4377 3119 4424 reversus
3165 4371 3270 4426 est
3314 4359 3405 4425 ad
3450 4380 3574 4425 sua
3617 4359 4052 4448 logiamenta.
4143 4359 4387 4427 Dictus
4433 4381 4609 4428 vero

886 4466 1026 4530 dux
1068 4463 1191 4530 ivit
1234 4484 1471 4530 versus
1514 4461 1887 4541 Ferariam,
1934 4473 2257 4550 tanquam
2306 4462 2706 4548 capitaneus
2749 4462 2888 4551 lige
2934 4464 3007 4529 in
3052 4465 3365 4532 favorem
3413 4465 3608 4531 ducis
3651 4465 3954 4533 Ferarie.

1062 4569 1607 4648 Quartodecimo
1654 4591 1815 4659 may
1861 4567 2138 4636 Ssorcia
2196 4569 2481 4636 munivit
2536 4582 2831 4637 castrum
2895 4569 3133 4637 Sancti
3177 4568 3485 4651 Andree,
3549 4572 3738 4660 quod
3798 4571 4090 4640 obtinuit
4133 4594 4175 4638 8
4222 4573 4606 4641 castellano

882 4676 1143 4743 domini
1186 4675 1587 4742 Petrimarie
1634 4675 1780 4741 sine
1825 4675 2068 4762 prelio.
2158 4675 2430 4742 Exinde
2482 4678 2774 4744 accessit
2818 4676 2908 4741 ad
2956 4689 3251 4743 castrum
3305 4677 3637 4757 Carrone,
3686 4678 3873 4765 quod
3917 4678 4224 4745 similiter
4285 4678 4604 4758 obtinuit,
4651 4678 4727 4747 35

882 4783 1087 4851 salvis
1146 4781 1346 4850 bonis
1407 4795 1478 4849 et
1535 4781 1848 4870 personis
1907 4783 1980 4847 in
2039 4802 2125 4848 eo
2188 4781 2346 4849 loco
2401 4783 2865 4851 existentibus.
2957 4785 3049 4851 Et
3105 4797 3355 4872 putans
3401 4798 3695 4853 castrum
3742 4785 4217 4852 Rocheleonis
4261 4785 4602 4866 obtinere,

881 4889 1045 4957 illuc
1109 4911 1265 4958 com
1327 4890 1511 4956 omni
1573 4889 1883 4956 exercitu
1942 4890 2309 4969 accedens,
2372 4890 2701 4956 salutatus
2759 4911 2953 4957 more
3015 4891 3273 4957 hostilli
3316 4912 3444 4978 per
3491 4892 3958 4959 custodientes
4008 4892 4229 4977 ipsum
4278 4906 4601 4972 castrum,

883 4999 1213 5066 cohactus
1258 5010 1361 5065 est
1404 4996 1759 5076 recedere,
1807 4997 2051 5063 multas
2096 4997 2338 5062 domos
2383 4996 2706 5063 ruralium
2752 5017 3100 5076 cremans3
3150 4997 3606 5086 Parmamque
3652 4998 3877 5087 redijt‚
3921 4998 4084 5065 illuc
4132 4999 4360 5064 ductis
4405 4997 4604 5066 bom-

882 5105 1134 5192 bardis,
1181 5124 1393 5194 seque
1440 5104 1725 5171 dirrexit
1767 5125 2005 5172 versus
2036 5104 2387 5170 Ferariam
2421 5124 2578 5171 com
2606 5103 2923 5194 gentibus
2955 5105 3331 5194 armigeris,
3363 5118 3438 5173 ut
3465 5116 3822 5173 succurrat
3851 5104 4012 5173 duci
4043 5105 4324 5171 Ferarie
4358 5120 4606 5175 contra

882 5213 1213 5281 Venetos.
4649 5216 4726 5280 40

1060 5319 1599 5398 Quintodecimo
1662 5341 1821 5411 may
1880 5319 2145 5407 replete
2205 5333 2363 5388 sunt
2413 5321 2658 5387 domus
2718 5320 3143 5399 Rubeorum,
3203 5341 3632 5388 recessorum
3677 5342 3721 5387 a
3765 5321 4036 5393 civitate
4099 5320 4350 5387 Parme
4412 5334 4606 5389 metu

881 5427 1123 5494 harum
1168 5447 1553 5517 guerarum,
1601 5425 1921 5516 gentibus
1981 5426 2357 5516 armigeris.
2447 5427 2725 5515 Ipsique
2788 5427 2888 5494 sic
2948 5426 3225 5508 recessi,
3288 5427 3584 5495 maxime
3628 5428 3722 5509 hi,
3769 5427 3885 5516 881
3931 5447 4006 5493 se
4060 5427 4486 5496 reduxerunt
4531 5428 4600 5495 in

1060 5756 1144 5810 13.
1182 5745 1273 5795 La
1308 5745 1500 5795 lacuna
1536 5743 1629 5793 uel
1657 5742 1773 5796 cod.
1811 5739 1843 5792 ἃ
1877 5741 1940 5791 da·
1970 5759 2040 5793 nn
2075 5741 2245 5793 intero
2280 5742 2555 5808 qm'nterno
2591 5742 2655 5792 di
2684 5720 2851 5793 sadx'oe'
2882 5747 3050 5803 carte,
3089 5757 3120 5791 e
3156 5756 3232 5794 va
3269 5741 3341 5794 da
3377 5756 3551 5794 mezzo
3587 5742 3761 5806 luglio
3795 5741 3934 5807 1841
3967 5743 4029 5794 ai
4050 5741 4228 5808 prim·
4261 5742 4327 5793 ds·
4367 5744 4604 5810 augg-1⁶0

876 5828 1029 5893 1482.
1101 5822 1313 5898 ἔπεια
1338 5828 1572 5893 perdita
1609 5827 1640 5878 ὲ
1673 5828 1835 5878 molto
1872 5827 2071 5888 onuba,
2098 5823 2292 5890 poich&
2329 5840 2435 5877 una
2471 5838 2625 5877 mmo
2661 5824 2725 5876 di
2745 5832 2883 5890 poco
2915 5824 3225 5890 posteriore
3272 5843 3308 5876 a
3354 5826 3536 5891 quella
3580 5825 3896 5878 dell'autore
3942 5832 4170 5878 amota.-
4225 5827 4332 5878 Hic
4384 5827 4596 5878 desunt

878 5914 1055 5965 multa
1088 5928 1198 5988 qug
1232 5927 1361 5964 cum
1396 5911 1596 5963 haberi
1629 5925 1746 5962 non
1783 5912 2080 5977 potuerint
2115 5912 2433 5963 necessario
2486 5910 2742 5976 sequitur
2777 5911 3107 5976 quintet-nus
3157 5911 3185 5941 “
3207 5910 3521 5963 Undecimo
3572 5910 3785 5963 mensi·
3833 5925 3965 5980 may
3983 5945 4013 5978 ,,
4050 5911 4150 5977 qui
4182 5913 4273 5963 est
4323 5908 4396 5963 de
4443 5924 4598 5963 8880

882 5999 1036 6069 1482.
1075 6025 1141 6038 —
1180 6011 1264 6051 21.
1302 5997 1397 6050 nel
1425 5997 1668 6063 margine
1685 5997 1894 6067 ‚Guera
1929 5996 1998 6048 de
2031 5997 2201 6050 Rossi
2238 5998 2300 6047 di
2329 6002 2606 6049 carattere
2645 5994 2746 6060 pi&
2793 6000 3014 6047 recente.
