4895 7066
623 3436 728 3479 υι.,
757 3424 830 3466 331

985 462 1080 540 64
2273 462 2753 543 CRONICA
2810 460 3390 544 GEsToRUM
4053 477 4156 551 [A.
4199 483 4365 537 uso
4404 479 4683 551 genunio]

2573 626 2861 635 Mon—mv·-
2865 627 3453 636 „mmm—,mm
3459 627 4153 636 nmmum-mo«.-

976 744 1322 801 oratorem
1367 748 1499 823 pro
1545 738 2038 824 consequendo
2085 735 2175 804 ab
2218 752 2306 803 eo
2348 734 2721 803 Bersillum
2766 744 2837 803 et
2882 735 3457 804 castrumnovum
3503 735 3904 814 Parmense,
3951 737 4101 823 ipse
4162 737 4306 804 dux
4359 752 4690 802 recusans

979 856 1064 907 ea
1109 840 1366 928 optime
1411 832 1726 910 munivit.

1152 948 1292 1015 Die
1335 951 1420 1015 23
1464 950 1765 1041 januarii
1822 942 1988 1017 1480
2030 950 2322 1019 recessit
2366 970 2464 1016 ex
2501 950 2754 1017 Parma
2806 950 3234 1018 reverendus
3295 950 3618 1018 dominus
3677 949 4050 1038 episcopus
4093 948 4346 1016 Parme
4411 960 4694 1015 vocatus

976 1053 1458 1122 Mediolanum
1505 1048 1579 1122 in
1625 1056 1922 1124 consilio
1967 1066 2206 1136 status,
2252 1057 2327 1123 in
2373 1069 2513 1146 quo
2562 1059 2933 1145 deputatus
2964 1068 3088 1124 est.
4181 1094 4186 1109 ·

1153 1158 1363 1230 Circa
1407 1155 1615 1229 finem
1658 1163 1956 1254 januarij
2007 1154 2184 1230 dicti
2229 1163 2396 1230 anni
2451 1164 2620 1230 1480
2669 1156 2992 1230 dominus
3053 1158 3303 1230 Petrus
3362 1157 3452 1230 de
3496 1156 3860 1232 Pusterula
3905 1178 4083 1230 unus
4138 1178 4228 1230 ex
4276 1158 4692 1251 consilini-ijs
4770 1162 4800 1226 5

977 1280 1193 1336 status
1238 1268 1628 1336 Mediolani
1672 1268 1920 1336 missus
1964 1269 2342 1349 Ferariam,
2388 1281 2467 1337 ut
2512 1292 2741 1358 supra,
2791 1270 3053 1340 dicitur
3097 1271 3288 1358 quod
3335 1271 3438 1337 ibi
3484 1272 3669 1338 diem
3716 1292 3913 1337 suum
3963 1270 4204 1337 clausit
4248 1282 4659 1337 extremum.

1162 1377 1437 1444 Eodem
1483 1397 1669 1442 anno
1722 1377 1892 1443 1480
1937 1377 2008 1443 in
2054 1378 2191 1444 fine
2227 1376 2527 1468 januarij
2578 1377 2903 1444 dominus
2945 1377 3305 1465 johannes
3347 1377 3717 1445 Bentivola
3759 1376 4243 1456 Bononiensis,
4288 1376 4415 1464 qui
4461 1394 4694 1442 acces-

978 1496 1175 1550 serat»
1206 1482 1692 1551 Mediolanum
1737 1504 2083 1551 armorum
2131 1486 2379 1551 ductor
2426 1495 2643 1551 status
2685 1483 3079 1550 Mediolani
3129 1504 3286 1551 com
3334 1485 3660 1552 comitiva
3707 1496 3985 1551 centum
4031 1484 4365 1550 helmium
4429 1493 4501 1549 et
4543 1503 4696 1569 pro-

980 1589 1253 1657 visione
1298 1609 1532 1656 annua
1579 1592 1821 1657 decem
1867 1590 2058 1657 mille
2104 1610 2496 1670 aureorum,
2543 1589 2849 1680 benigne
2891 1589 3077 1656 visus
3121 1590 3259 1657 fuit
3303 1591 3560 1658 nedum
3605 1591 3697 1658 ab
3729 1589 4204 1657 illustrissimis
4236 1588 4547 1656 dominis
4575 1608 4694 1654 no-

979 1696 1162 1774 stris,
1211 1716 1449 1764 verum
1495 1698 1701 1762 etiam
1744 1718 1790 1762 a
1834 1708 1978 1764 toto
2023 1697 2287 1787 populo
2332 1698 2711 1763 honoratus
2757 1708 2826 1763 et
2872 1697 3171 1764 donatus
3216 1697 3505 1764 introitu
3551 1697 3786 1784 pontis
3830 1696 4229 1764 Piceleonis
4288 1707 4362 1763 et
4425 1694 4692 1763 duobus
4739 1697 4805 1759 10

981 1803 1225 1868 castris
1267 1792 1342 1869 in
1374 1802 1829 1871 Cremonensi
1860 1803 2130 1871 reditus
2161 1803 2680 1892 quingintorutn
2712 1816 3095 1883 aureorum,
3130 1820 3287 1871 com
3319 1804 3820 1870 acrescimento
3868 1804 4159 1871 duorum
4203 1802 4400 1867 mille
4448 1820 4689 1867 aureo-

982 1928 1134 1975 rum
1179 1920 1248 1976 et
1295 1910 1753 1977 ducentorum
1801 1924 2133 1998 equorum
2181 1910 2271 1975 de
2318 1910 2720 1997 provisione
2767 1910 3054 1977 recessit
3097 1930 3184 1977 ex
3227 1909 3635 1978 Mediolano
3682 1921 3751 1977 et
3797 1911 3870 1975 in
3916 1912 4211 1997 patriam
4255 1898 4492 1996 redijt.

1158 2017 1317 2083 Hoc
1381 2017 1666 2106 quidem
1728 2026 1964 2084 mense
2015 2005 2317 2106 januar-ij
2384 2036 2475 2082 ex
2534 2016 3018 2083 commissione
3078 2017 3465 2103 pontificali
3512 2015 3937 2083 reverendus
3957 2017 4305 2083 dominus
4348 2002 4696 2080 Ascanius

983 2123 1267 2190 Sforcia
1309 2122 1729 2192 Vicecomes
1773 2143 1901 2210 per
1942 2123 2357 2190 sententiam
2406 2122 2712 2209 privavit
2756 2112 2936 2190 filios
2982 2123 3249 2190 domini
3305 2123 3514 2190 Cichi
3578 2123 3951 2213 Symonete
4012 2134 4083 2189 et
4140 2120 4350 2190 Orfei
4417 2121 4512 2187 de
4571 2110 4695 2186 Ri-

985 2250 1184 2311 cavo,
1230 2230 1574 2322 benefitijs
1617 2240 1878 2310 eorum,
1926 2250 2060 2318 que
2104 2224 2321 2296 multa
2366 2240 2586 2309 erant,
2636 2226 2739 2296 eis
2784 2230 3085 2317 ascripta
3130 2240 3360 2309 causa,
3408 2232 3600 2318 quod
3643 2241 3718 2296 ut
3776 2230 4087 2296 fautores
4138 2220 4694 2296 Florentinorum
4743 2228 4803 2292 15

983 2346 1232 2403 contra
1276 2337 1665 2404 Ecclesiam
1710 2340 1906 2403 erant
1952 2335 2488 2404 excomunicati.
2583 2326 2844 2425 Sicque
2890 2352 2976 2403 ea
3021 2335 3321 2403 diversis
3366 2336 3689 2423 personis
3734 2336 4013 2402 fuerunt
4059 2336 4334 2403 collata.

1158 2442 1483 2511 Secunda
1526 2442 1648 2511 die*
1691 2442 2030 2534 februarij
2087 2443 2256 2509 1480
2301 2432 2468 2509 dum
2514 2442 2707 2509 miles
2751 2441 3018 2509 domini
3062 2443 3425 2529 potestatis
3483 2441 3733 2509 Parme
3796 2442 4270 2530 insequeretur
4329 2454 4496 2507 com
4553 2438 4694 2507 solo

984 2550 1249 2616 famulo
1296 2549 1665 2617 nonnullos
1707 2534 2035 2629 larvatos,
2097 2549 2318 2615 fustes
2379 2551 2781 2618 deferentes
2840 2549 2914 2615 in
2977 2558 3456 2634 contemptum
3516 2547 4146 2635 proclamationum
4208 2547 4286 2613 in
4349 2544 4698 2614 cimiterIo

981 2657 1284 2724 ecclesie
1332 2656 1578 2725 Sancti
1624 2656 1989 2735 Oddorici,
2024 2656 2114 2724 ab
2159 2656 2425 2723 eisdem
2472 2655 2831 2722 insultatus
2863 2665 2934 2722 et
2963 2656 3173 2723 afmis
3217 2655 3414 2722 illico
3445 2656 3898 2722 obtruncatus
3943 2646 4098 2721 fuit.
4188 2654 4325 2720 Hic
4378 2660 4535 2720 erat
4564 2651 4699 2729 ille,

984 2765 1106 2853 qui
1152 2764 1459 2830 secunda
1505 2771 1712 2830 nocte
1760 2762 2081 2829 introitus
2126 2762 2333 2853 officij
2392 2762 2566 2829 dicti
2621 2762 2981 2850 potestatis
3024 2761 3388 2829 insultatur!
3439 2772 3510 2828 ct
3567 2763 3973 2828 vulneratus
4024 2763 4278 2839 fuerat,
4323 2771 4408 2826 ut
4469 2780 4696 2824 narra-
4739 2760 4808 2821 20

980 2883 1126 2936 tum
1172 2883 1296 2937 est.

1169 2977 1417 3045 Tertia
1462 2976 1578 3043 die
1622 2975 1957 3067 februarij
1992 2976 2259 3044 factum
2292 2977 2430 3043 fuit
2461 2975 2819 3063 proclama
2847 2987 3045 3063 parte
3079 2976 3344 3043 domini
3374 2966 3860 3064 gubernatoris
3902 2984 3974 3041 et
4016 2974 4485 3053 andanornm‘,
4517 2971 4698 3059 qnod

984 3085 1277 3170 amplius
1322 3103 1461 3150 non
1506 3084 1675 3150 fiant
1720 3083 1966 3150 larvati
2012 3083 2139 3151 sub
2184 3105 2367 3170 pena
2411 3083 2789 3162 furem-una,
2835 3103 2925 3148 ne
2971 3080 3139 3149 fiant
3183 3081 3583 3161 homicidia,
3616 3083 3728 3148 vel
3761 3080 3902 3147 alia
3946 3080 4297 3148 scandala.
4396 3079 4492 3146 Et
4521 3078 4699 3166 quod

983 3192 1041 3256 si
1087 3190 1247 3277 quis
1288 3190 1806 3257 denuntiaverit
1850 3176 2083 3258 dictos
2124 3190 2532 3269 homicidas,
2578 3190 2894 3257 lucretur
2934 3200 3183 3256 aureos·
3228 3188 3757 3277 quinquaginta.

1160 3297 1471 3364 Maxima
1517 3299 1701 3365 enini
1746 3294 1851 3364 usi
1895 3308 2056 3369 su'nt
2102 3297 2511 3364 crudelitate
2560 3296 2735 3364 dicti
2779 3296 3270 3363 interfectores
3332 3294 3575 3362 militIs
3636 3294 3808 3362 dicti
3869 3290 4249 3381 potestatis.
4340 3293 4450 3361 Ut
4505 3302 4701 3378 snpra
4739 3291 4804 3354 25

991 3416 1345 3471 narratum
1390 3415 1515 3484 est,
1562 3405 1870 3471 secunda
1914 3416 2145 3484 nocte,
2177 3426 2315 3493 qua
2344 3415 2650 3490 potestas
2695 3403 3053 3470 introitum
3100 3404 3392 3483 fecerat,
3441 3392 3807 3469 insultat-us
3851 3400 3984 3468 fuit
4013 3394 4086 3465 in
4116 3400 4375 3488 plateis
4411 3397 4515 3467 et'
4559 3398 4700 3465 vul-

992 3521 1271 3578 neratus·
1315 3511 1389 3577 in
1435 3520 1632 3591 coxa,
1681 3500 2008 3600 qnoniam
2054 3510 2504 3598 reputabatur
2543 3509 3029 3599 magnanimus
3073 3520 3145 3577 et
3190 3502 3474 3596 capistri
3524 3508 4009 3577 deliberabant
4050 3508 4280 3595 ipsum
4312 3518 4606 3585 terrere,
4633 3517 4701 3571 ut

986 3618 1267 3685 liberius
1311 3619 1385 3714 in
1431 3629 1641 3685 nocte
1675 3639 1829 3684 com
1863 3618 2076 3684 armis
2107 3629 2177 3684 et
2207 3618 2357 3684 sine
2391 3616 2649 3683 lumine
2683 3607 3179 3703 spaciarentur.
3270 3615 3437 3682 Alia
3471 3627 3700 3682 autem
3733 3627 3941 3682 nocte
3974 3614 4195 3702 ipsum
4230 3627 4392 3681 com
4441 3612 4699 3680 familia

986 3725 1059 3791 in
1105 3726 1336 3811 Caput
1364 3724 1611 3793 Pontis
1640 3736 2136 3803 transeuntem,
2169 3741 2258 3789 ne
2287 3724 2553 3791 rediret
2584 3724 2784 3802 citra,
2819 3715 3292 3791 custodientes
3323 3719 3745 3789 clauserunt'
3778 3722 3853 3787 hi
3887 3721 4178 3808 capistri
4208 3733 4454 3808 portas
4483 3718 4700 3807 pontis

994 3833 1282 3924 Lapidis
1327 3843 1397 3899 et
1440 3841 1775 3920 portonos
1818 3843 1955 3899 tres
1997 3832 2249 3919 platee,
2311 3843 2387 3897 ut
2447 3830 2640 3895 illum
2685 3830 3120 3910 occiderent,
3167 3829 3452 3897 tandem
3502 3830 3723 3896 evasit
3782 3829 4036 3896 illesus.
4127 3825 4374 3895 Factis
4437 3824 4699 3915 procla·
4736 3823 4803 3888 30

985 3940 1425 4019 mationibus,
1472 3962 1561 4006 ne
1606 3940 1855 4006 larvati
1900 3960 2114 4018 arma,
2182 3930 2313 4005 nec
2377 3937 2600 4004 fustes
2659 3947 3043 4024 portarent,
3105 3937 3259 4003 sine
3322 3949 3632 4016 numero,
3695 3936 4026 4024 nulloque
4072 3935 4452 4002 obsistente
4500 3943 4698 4008 metu,

985 4065 1222 4114 omnes
1265 4059 1457 4114 arma
1501 4035 1861 4134 fustesque
1912 4045 2346 4114 deferebant.
2440 4041 2764 4121 Quatuor
2809 4059 2897 4109 ex
2940 4043 3053 4110 his
3099 4043 3381 4110 larvatis
3425 4031 3722 4110 fustibus
3764 4053 4064 4110 armatos
4108 4041 4228 4107 hic
4273 4033 4479 4107 miles
4521 4041 4697 4130 jussu

986 4155 1348 4242 potestatis
1378 4153 1869 4241 insequebatur
1915 4169 2072 4219 com
2119 4154 2266 4219 solo
2314 4143 2603 4230 famulo,
2651 4171 2771 4218 eos
2816 4150 3280 4240 dignoscendi
3343 4161 3574 4228 causa,
3621 4161 3827 4237 quem
3888 4147 4329 4237 egredientes
4371 4148 4454 4213 in
4515 4137 4698 4212 cimi-

984 4262 1164 4329 terio
1235 4251 1539 4328 ecclesie
1612 4259 1852 4327 Sancti
1920 4258 2259 4326 Oddorici
2303 4269 2373 4325 et
2418 4258 2488 4322 in
2539 4258 2842 4325 ecclesia
2903 4256 3287 4345 fugientem
3351 4269 3518 4323 ense
3592 4255 3891 4334 deiecto,
3938 4275 4026 4321 ea
4071 4254 4142 4319 in
4190 4253 4497 4320 ecclesia
4556 4272 4698 4319 com

987 4368 1264 4434 ballotis
1308 4363 1656 4455 plombeis
1702 4376 1774 4432 et
1820 4365 2117 4432 fustibus
2159 4375 2593 4451 percussum,
2640 4364 2729 4430 ab
2773 4364 3078 4430 ecclesia
3110 4364 3176 4430 vi
3209 4375 3280 4430 et
3322 4355 3881 4430 misericordiam
3923 4360 4431 4447 supplicantem
4478 4360 4694 4426 eiece-
4733 4351 4799 4421 35

992 4485 1172 4553 runt,
1206 4486 1413 4562 atque
1447 4481 2007 4560 exportaverunt,
2041 4471 2391 4559 armisque
2426 4481 2498 4537 et
2527 4470 2853 4538 undecim
2896 4469 3217 4537 letalibus
3262 4468 3663 4536 vulneribus
3709 4463 4107 4535 confossum
4140 4485 4226 4533 eo
4258 4467 4328 4531 in
4362 4455 4694 4534 cimiterio

988 4591 1061 4646 et
1103 4581 1491 4647 exanimem
1537 4580 1910 4669 liquerunt.
2002 4580 2085 4645 In
2129 4598 2269 4667 quo
2314 4576 2702 4645 homicidio
2766 4588 3029 4643 tantum
3094 4577 3357 4663 culpati
3418 4586 3580 4642 sunt
3622 4565 3699 4640 lii
3744 4576 3834 4642 de
3882 4574 4103 4641 tribus
4146 4573 4489 4660 squadris,
4536 4590 4696 4661 quos

989 4699 1195 4755 nemo
1242 4697 1347 4755 est
1392 4699 1601 4754 ausus
1644 4687 2063 4774 propallare.

1166 4794 1297 4861 Die
1340 4794 1638 4880 septimo
1684 4793 2026 4883 februar-ij
2083 4793 2250 4858 1480
2297 4793 2387 4860 de
2434 4789 2922 4858 commissione
2971 4790 3208 4857 ducali
3251 4790 3517 4855 factum
3561 4789 3695 4857 fuit
3738 4800 3938 4875 parte
3986 4787 4426 4856 dominorum
4455 4785 4694 4876 guber-

986 4901 1247 4967 natoris
1293 4912 1364 4967 et
1407 4899 1772 4987 potestatis
1818 4899 2068 4966 Parme
2113 4898 2468 4986 publicum
2515 4899 2898 4984 proclama,
2930 4896 3119 4985 quod
3164 4896 3285 4984 qui
3333 4897 3772 4962 denuntiaret
3815 4887 4197 4960 homicidas
4243 4891 4488 4960 militis
4532 4890 4694 4958 dicti
4736 4889 4803 4952 40

990 5008 1372 5095 potestatis,
1419 5003 1806 5073 lucraretur
1833 5023 1990 5072 xxv.
2026 5006 2318 5073 ducatos
2348 5004 2530 5071 ultra
2558 5004 2716 5071 illos
2745 5003 3250 5092 quinquaginta
3279 5003 3652 5089 promissos
3682 5003 3756 5068 in
3786 5001 3947 5090 aliis
3976 5000 4209 5067 cridis.
4302 4997 4452 5077 Qui
4485 5009 4694 5065 autem

993 5133 1083 5182 ex
1127 5113 1335 5203 sociis
1378 5114 1553 5179 alios
1597 5114 2006 5190 notificaret,
2053 5111 2347 5200 gratiam
2392 5111 2796 5179 lucraretur.
2891 5109 3034 5187 Qui
3078 5117 3309 5176 autem
3354 5110 3841 5176 malefactores
3870 5108 4083 5175 sciret
4128 5117 4199 5174 et
4245 5123 4386 5175 non
4432 5103 4695 5194 propal-

993 5222 1190 5300 laret,
1237 5222 1308 5286 in
1354 5220 1623 5301 eadem,
1669 5235 1809 5308 qua
1851 5211 2229 5298 homicida,
2275 5239 2464 5305 pena
2506 5217 2890 5305 puniretur.

1170 5329 1472 5417 Magnus
1514 5328 1842 5393 Tui-chus
1885 5348 1972 5392 ex
2016 5337 2268 5414 magno
2329 5325 2552 5392 maior
2610 5321 2902 5411 cupiens
2963 5325 3135 5405 fieri,
3197 5324 3494 5392 maximo
3545 5341 3701 5390 cum
3751 5321 4033 5412 navigio
4087 5317 4472 5389 exercitum
4516 5337 4694 5386 suum

997 5436 1231 5523 posuit
1272 5435 1489 5514 Rodi,
1551 5434 1672 5501 ubi
1730 5435 2153 5522 quammulte
2197 5433 2564 5500 Venetane
2627 5445 2841 5498 naves
2900 5432 3212 5511 aderant,
3272 5431 3522 5518 quibus
3582 5430 3830 5496 federa
3890 5429 4114 5516 rupit3
4177 5443 4338 5493 nam
4399 5428 4474 5493 in
4531 5445 4691 5513 pace
4731 5417 4794 5486 45

995 5544 1183 5609 intra
1227 5554 1300 5610 se
1346 5557 1530 5608 anno
1577 5555 1783 5609 curso
1814 5541 2083 5606 firmata
2129 5540 2414 5607 extabat
2465 5539 2867 5626 capitulum,
2915 5538 3103 5626 quod
3149 5537 3267 5605 ubi
3314 5527 3599 5603 alterius
3642 5537 3859 5624 pai-tls
3903 5535 4200 5624 navigia=
4222 5534 4690 5622 reperirentur,

996 5650 1216 5716 altera
1252 5670 1420 5736 ‚pars
1464 5647 1961 5735 superveniens
2007 5646 2295 5713 cederet
2331 5657 2413 5712 ‘et
2459 5647 2720 5711 nullum
2766 5644 2911 5711 illic
2957 5645 3099 5711 loci
3143 5645 3401 5711 inferet
3446 5653 3961 5711 nocumentum.

1174 5757 1331 5822 Hoc
1378 5755 1663 5842 quidem
1708 5771 1946 5821 mense
1992 5752 2318 5840 februarij
2368 5762 2437 5817 et
2480 5753 2556 5817 in
2602 5751 2952 5838 principio
2998 5750 3206 5832 illius,
3257 5762 3566 5817 oratores
3610 5745 3891 5829 Veneti,
3939 5749 4060 5838 qui
4102 5750 4245 5838 iam
4293 5749 4510 5814 multo
4538 5759 4691 5813 tem-

868 5885 875 5892 ‘
996 5871 1170 5952 pore
1212 5851 1603 5928 Mediolani
1646 5871 1911 5927 moram
1957 5860 2298 5940 fecerant,
2346 5875 2436 5925 ne
2485 5880 2528 5924 a
2560 5857 3010 5948 colligatione
3040 5867 3254 5924 status
3285 5843 3676 5926 Mediolani
3707 5855 4179 5936 discederent,
4209 5854 4300 5922 ab
4329 5854 4495 5921 inde
4523 5849 4686 5918 male

999 5969 1314 6046 contenti
1361 5977 1432 6048 et
1475 5968 1622 6049 voti
1668 5967 1776 6034 sui
1821 5986 1964 6046 non
2011 5977 2370 6053 compotes
2413 5965 2492 6030 in
2536 5961 2834 6066 patriani
2881 5965 3261 6039 redierunt.
4729 5949 4794 6020 50
