<?xml version="1.0" encoding="UTF-8"?>
<!DOCTYPE html PUBLIC "-//W3C//DTD XHTML 1.0 Transitional//EN"
    "http://www.w3.org/TR/xhtml1/DTD/xhtml1-transitional.dtd">
<html xmlns="http://www.w3.org/1999/xhtml" xml:lang="en" lang="en">
 <head>
  <title>
</title>
<meta http-equiv="Content-Type" content="text/html;charset=utf-8" />
  <meta name='ocr-system' content='tesseract 3.04.00' />
  <meta name='ocr-capabilities' content='ocr_page ocr_carea ocr_par ocr_line ocrx_word'/>
</head>
<body>
  <div class='ocr_page' id='page_1' title='image "./cronicagestorum00bonagoog_0026.png"; bbox 0 0 4895 7066; ppageno 0'>
   <div class='ocr_carea' id='block_1_1' title="bbox 468 3248 619 3296">
    <p class='ocr_par' dir='ltr' id='par_1_1' title="bbox 468 3248 619 3296">
     <span class='ocr_line' id='line_1_1' title="bbox 468 3248 619 3296; baseline 0.013 -9"><span class='ocrx_word' id='word_1_1' title='bbox 468 3248 619 3296; x_wconf 69' lang='lat' dir='ltr'><strong>Mun..</strong></span> 
     </span>
    </p>
   </div>
   <div class='ocr_carea' id='block_1_2' title="bbox 579 1015 619 1045">
    <p class='ocr_par' dir='ltr' id='par_1_2' title="bbox 579 1015 619 1045">
     <span class='ocr_line' id='line_1_2' title="bbox 579 1015 619 1045; baseline 0 0"><span class='ocrx_word' id='word_1_2' title='bbox 579 1015 619 1045; x_wconf 73' lang='lat' dir='ltr'><strong>c-</strong></span> 
     </span>
    </p>
   </div>
   <div class='ocr_carea' id='block_1_3' title="bbox 649 1003 740 1044">
    <p class='ocr_par' dir='ltr' id='par_1_3' title="bbox 649 1003 740 1044">
     <span class='ocr_line' id='line_1_3' title="bbox 649 1003 740 1044; baseline -0.011 0"><span class='ocrx_word' id='word_1_3' title='bbox 649 1003 740 1044; x_wconf 65' lang='grc' dir='ltr'><strong>ἂν</strong></span> 
     </span>
    </p>
   </div>
   <div class='ocr_carea' id='block_1_4' title="bbox 648 3246 725 3287">
    <p class='ocr_par' dir='ltr' id='par_1_4' title="bbox 648 3246 725 3287">
     <span class='ocr_line' id='line_1_4' title="bbox 648 3246 725 3287; baseline 0.026 -2"><span class='ocrx_word' id='word_1_4' title='bbox 648 3246 725 3287; x_wconf 80' lang='lat'><strong>258</strong></span> 
     </span>
    </p>
   </div>
   <div class='ocr_carea' id='block_1_5' title="bbox 573 3576 726 3616">
    <p class='ocr_par' dir='ltr' id='par_1_5' title="bbox 573 3576 726 3616">
     <span class='ocr_line' id='line_1_5' title="bbox 573 3576 726 3616; baseline -0.007 -8"><span class='ocrx_word' id='word_1_5' title='bbox 573 3576 726 3616; x_wconf 56' lang='lat' dir='ltr'><strong>eaor</strong></span> 
     </span>
    </p>
   </div>
   <div class='ocr_carea' id='block_1_6' title="bbox 894 392 4622 485">
    <p class='ocr_par' dir='ltr' id='par_1_6' title="bbox 894 392 4622 485">
     <span class='ocr_line' id='line_1_6' title="bbox 894 392 4622 485; baseline -0.001 -12"><span class='ocrx_word' id='word_1_6' title='bbox 894 396 984 475; x_wconf 90' lang='lat' dir='ltr'><strong>lO</strong></span> <span class='ocrx_word' id='word_1_7' title='bbox 2179 392 2657 474; x_wconf 87' lang='lat' dir='ltr'>CRONICA</span> <span class='ocrx_word' id='word_1_8' title='bbox 2712 393 3306 475; x_wconf 85' lang='lat' dir='ltr'><strong>GESTORUM</strong></span> <span class='ocrx_word' id='word_1_9' title='bbox 3631 409 3742 484; x_wconf 81' lang='lat' dir='ltr'><strong>[A.</strong></span> <span class='ocrx_word' id='word_1_10' title='bbox 3776 412 3938 470; x_wconf 80' lang='grc'><strong>1477</strong></span> <span class='ocrx_word' id='word_1_11' title='bbox 3979 410 4494 485; x_wconf 82' lang='lat' dir='ltr'><strong>maggio-giugno</strong></span> <span class='ocrx_word' id='word_1_12' title='bbox 4547 409 4622 482; x_wconf 84' lang='grc'><strong>6]</strong></span> 
     </span>
    </p>
   </div>
   <div class='ocr_carea' id='block_1_7' title="bbox 2042 551 4124 563">
    <p class='ocr_par' dir='ltr' id='par_1_7' title="bbox 2042 551 4124 563">
     <span class='ocr_line' id='line_1_7' title="bbox 2042 551 4124 563; baseline 0 -2"><span class='ocrx_word' id='word_1_13' title='bbox 2042 551 3216 561; x_wconf 57' lang='lat' dir='ltr'><strong>omno-onn--eo-a--omo--o-mmu--om-mmm-u--uuae--u-n-u-u-n-</strong></span> <span class='ocrx_word' id='word_1_14' title='bbox 3221 552 4124 563; x_wconf 51' lang='lat' dir='ltr'><strong>mum-“mmmmm-</strong></span> 
     </span>
    </p>
   </div>
   <div class='ocr_carea' id='block_1_8' title="bbox 1527 551 1796 562">
    <p class='ocr_par' dir='ltr' id='par_1_8' title="bbox 1527 551 1796 562">
     <span class='ocr_line' id='line_1_8' title="bbox 1527 551 1796 562; baseline 0 6504"><span class='ocrx_word' id='word_1_15' title='bbox 1527 551 1796 562; x_wconf 95' lang='lat' dir='ltr'><strong> </strong></span> 
     </span>
    </p>
   </div>
   <div class='ocr_carea' id='block_1_9' title="bbox 1797 551 2040 561">
    <p class='ocr_par' dir='ltr' id='par_1_9' title="bbox 1797 551 2040 561">
     <span class='ocr_line' id='line_1_9' title="bbox 1797 551 2040 561; baseline 0 6505"><span class='ocrx_word' id='word_1_16' title='bbox 1797 551 2040 561; x_wconf 95' lang='lat' dir='ltr'><strong> </strong></span> 
     </span>
    </p>
   </div>
   <div class='ocr_carea' id='block_1_10' title="bbox 889 551 1525 563">
    <p class='ocr_par' dir='ltr' id='par_1_10' title="bbox 889 551 1525 563">
     <span class='ocr_line' id='line_1_10' title="bbox 889 551 1525 563; baseline -0.002 -1"><span class='ocrx_word' id='word_1_17' title='bbox 889 551 1525 563; x_wconf 51' lang='lat' dir='ltr'><strong>mmmmm—unu·-</strong></span> 
     </span>
    </p>
   </div>
   <div class='ocr_carea' id='block_1_11' title="bbox 878 664 4757 2990">
    <p class='ocr_par' dir='ltr' id='par_1_11' title="bbox 882 664 4750 1370">
     <span class='ocr_line' id='line_1_11' title="bbox 885 664 4616 754; baseline -0.001 -23"><span class='ocrx_word' id='word_1_18' title='bbox 885 664 1084 732; x_wconf 88' lang='lat' dir='ltr'><strong>vitati</strong></span> <span class='ocrx_word' id='word_1_19' title='bbox 1129 684 1409 733; x_wconf 91' lang='lat' dir='ltr'><strong>nocere.</strong></span> <span class='ocrx_word' id='word_1_20' title='bbox 1502 665 1596 731; x_wconf 92' lang='lat' dir='ltr'><strong>Et</strong></span> <span class='ocrx_word' id='word_1_21' title='bbox 1641 665 1777 731; x_wconf 91' lang='lat' dir='ltr'><strong>hoc</strong></span> <span class='ocrx_word' id='word_1_22' title='bbox 1824 676 2041 733; x_wconf 88' lang='lat' dir='ltr'><strong>totum</strong></span> <span class='ocrx_word' id='word_1_23' title='bbox 2089 664 2471 743; x_wconf 83' lang='lat' dir='ltr'><strong>faciebant,</strong></span> <span class='ocrx_word' id='word_1_24' title='bbox 2520 666 2842 732; x_wconf 90' lang='lat' dir='ltr'><strong>timentes</strong></span> <span class='ocrx_word' id='word_1_25' title='bbox 2888 666 2978 730; x_wconf 90' lang='lat' dir='ltr'><strong>de</strong></span> <span class='ocrx_word' id='word_1_26' title='bbox 3027 665 3306 731; x_wconf 91' lang='lat' dir='ltr'><strong>domino</strong></span> <span class='ocrx_word' id='word_1_27' title='bbox 3353 665 3784 732; x_wconf 90' lang='lat' dir='ltr'><strong>Petromaria</strong></span> <span class='ocrx_word' id='word_1_28' title='bbox 3829 679 3899 733; x_wconf 90' lang='lat' dir='ltr'><strong>et</strong></span> <span class='ocrx_word' id='word_1_29' title='bbox 3944 667 4034 732; x_wconf 91' lang='lat' dir='ltr'><strong>de</strong></span> <span class='ocrx_word' id='word_1_30' title='bbox 4080 665 4252 753; x_wconf 84' lang='lat' dir='ltr'><strong>alijs,</strong></span> <span class='ocrx_word' id='word_1_31' title='bbox 4316 665 4437 754; x_wconf 92' lang='lat' dir='ltr'><strong>qui</strong></span> <span class='ocrx_word' id='word_1_32' title='bbox 4495 664 4616 731; x_wconf 92' lang='lat' dir='ltr'><strong>ci-</strong></span> 
     </span>
     <span class='ocr_line' id='line_1_12' title="bbox 882 769 4618 858; baseline 0 -22"><span class='ocrx_word' id='word_1_33' title='bbox 882 772 1165 838; x_wconf 90' lang='lat' dir='ltr'><strong>vitatem</strong></span> <span class='ocrx_word' id='word_1_34' title='bbox 1215 771 1592 838; x_wconf 82' lang='lat' dir='ltr'><strong>exiverant.</strong></span> <span class='ocrx_word' id='word_1_35' title='bbox 1685 771 1982 857; x_wconf 91' lang='lat' dir='ltr'><strong>Unaque</strong></span> <span class='ocrx_word' id='word_1_36' title='bbox 2031 771 2145 837; x_wconf 91' lang='lat' dir='ltr'><strong>die</strong></span> <span class='ocrx_word' id='word_1_37' title='bbox 2192 771 2705 850; x_wconf 88' lang='lat' dir='ltr'><strong>simulaverunt,</strong></span> <span class='ocrx_word' id='word_1_38' title='bbox 2753 771 2942 858; x_wconf 93' lang='lat' dir='ltr'><strong>quod</strong></span> <span class='ocrx_word' id='word_1_39' title='bbox 2990 770 3307 837; x_wconf 90' lang='lat' dir='ltr'><strong>dominus</strong></span> <span class='ocrx_word' id='word_1_40' title='bbox 3353 769 3820 838; x_wconf 87' lang='lat' dir='ltr'><strong>Petrusmaria</strong></span> <span class='ocrx_word' id='word_1_41' title='bbox 3864 771 4189 839; x_wconf 90' lang='lat' dir='ltr'><strong>veniebat</strong></span> <span class='ocrx_word' id='word_1_42' title='bbox 4237 792 4392 837; x_wconf 92' lang='lat' dir='ltr'><strong>com</strong></span> <span class='ocrx_word' id='word_1_43' title='bbox 4447 784 4618 838; x_wconf 88' lang='lat' dir='ltr'><strong>toto</strong></span> 
     </span>
     <span class='ocr_line' id='line_1_13' title="bbox 888 876 4618 965; baseline 0 -23"><span class='ocrx_word' id='word_1_44' title='bbox 888 897 1013 944; x_wconf 90' lang='lat' dir='ltr'><strong>suo</strong></span> <span class='ocrx_word' id='word_1_45' title='bbox 1058 898 1261 963; x_wconf 82' lang='lat' dir='ltr'><strong>posse</strong></span> <span class='ocrx_word' id='word_1_46' title='bbox 1310 878 1401 944; x_wconf 88' lang='lat' dir='ltr'><strong>ad</strong></span> <span class='ocrx_word' id='word_1_47' title='bbox 1448 876 1822 955; x_wconf 88' lang='lat' dir='ltr'><strong>civitatem,</strong></span> <span class='ocrx_word' id='word_1_48' title='bbox 1870 899 2196 965; x_wconf 91' lang='lat' dir='ltr'><strong>armaque</strong></span> <span class='ocrx_word' id='word_1_49' title='bbox 2242 897 2482 943; x_wconf 90' lang='lat' dir='ltr'><strong>omnes</strong></span> <span class='ocrx_word' id='word_1_50' title='bbox 2529 890 2868 963; x_wconf 89' lang='lat' dir='ltr'><strong>ceperunt</strong></span> <span class='ocrx_word' id='word_1_51' title='bbox 2914 889 2984 943; x_wconf 90' lang='lat' dir='ltr'><strong>et</strong></span> <span class='ocrx_word' id='word_1_52' title='bbox 3029 897 3158 962; x_wconf 90' lang='lat' dir='ltr'><strong>per</strong></span> <span class='ocrx_word' id='word_1_53' title='bbox 3201 876 3509 955; x_wconf 90' lang='lat' dir='ltr'><strong>Rubeos,</strong></span> <span class='ocrx_word' id='word_1_54' title='bbox 3544 878 3662 965; x_wconf 91' lang='lat' dir='ltr'><strong>qui</strong></span> <span class='ocrx_word' id='word_1_55' title='bbox 3708 878 3777 943; x_wconf 91' lang='lat' dir='ltr'><strong>in</strong></span> <span class='ocrx_word' id='word_1_56' title='bbox 3823 900 4000 964; x_wconf 90' lang='lat' dir='ltr'><strong>pace</strong></span> <span class='ocrx_word' id='word_1_57' title='bbox 4049 891 4404 958; x_wconf 89' lang='lat' dir='ltr'><strong>venerant,</strong></span> <span class='ocrx_word' id='word_1_58' title='bbox 4440 899 4618 945; x_wconf 89' lang='lat' dir='ltr'><strong>com</strong></span> 
     </span>
     <span class='ocr_line' id='line_1_14' title="bbox 891 983 4623 1071; baseline 0 -21"><span class='ocrx_word' id='word_1_59' title='bbox 891 985 993 1051; x_wconf 92' lang='lat' dir='ltr'><strong>eis</strong></span> <span class='ocrx_word' id='word_1_60' title='bbox 1040 985 1199 1071; x_wconf 90' lang='lat' dir='ltr'><strong>capi</strong></span> <span class='ocrx_word' id='word_1_61' title='bbox 1244 1006 1438 1050; x_wconf 89' lang='lat' dir='ltr'><strong>arma</strong></span> <span class='ocrx_word' id='word_1_62' title='bbox 1484 985 1805 1051; x_wconf 80' lang='lat' dir='ltr'><strong>fecerunt</strong></span> <span class='ocrx_word' id='word_1_63' title='bbox 1865 1003 1993 1069; x_wconf 91' lang='lat' dir='ltr'><strong>pro</strong></span> <span class='ocrx_word' id='word_1_64' title='bbox 2053 983 2535 1049; x_wconf 88' lang='lat' dir='ltr'><strong>observatione</strong></span> <span class='ocrx_word' id='word_1_65' title='bbox 2600 984 3054 1069; x_wconf 87' lang='lat' dir='ltr'><strong>capitulorum</strong></span> <span class='ocrx_word' id='word_1_66' title='bbox 3113 984 3327 1070; x_wconf 83' lang='lat' dir='ltr'><strong>pacis,</strong></span> <span class='ocrx_word' id='word_1_67' title='bbox 3390 984 3553 1050; x_wconf 88' lang='lat' dir='ltr'><strong>licet</strong></span> <span class='ocrx_word' id='word_1_68' title='bbox 3599 1005 3823 1070; x_wconf 90' lang='lat' dir='ltr'><strong>pauca</strong></span> <span class='ocrx_word' id='word_1_69' title='bbox 3867 984 4210 1051; x_wconf 88' lang='lat' dir='ltr'><strong>haberent</strong></span> <span class='ocrx_word' id='word_1_70' title='bbox 4269 1006 4481 1063; x_wconf 84' lang='lat' dir='ltr'><strong>arma,</strong></span> <span class='ocrx_word' id='word_1_71' title='bbox 4541 996 4623 1050; x_wconf 90' lang='lat' dir='ltr'><strong>et</strong></span> 
     </span>
     <span class='ocr_line' id='line_1_15' title="bbox 896 1087 4750 1178; baseline -0.002 -22"><span class='ocrx_word' id='word_1_72' title='bbox 896 1101 1109 1156; x_wconf 90' lang='lat' dir='ltr'><strong>totam</strong></span> <span class='ocrx_word' id='word_1_73' title='bbox 1160 1091 1510 1157; x_wconf 89' lang='lat' dir='ltr'><strong>civitatem</strong></span> <span class='ocrx_word' id='word_1_74' title='bbox 1559 1090 1997 1155; x_wconf 89' lang='lat' dir='ltr'><strong>discurerunt</strong></span> <span class='ocrx_word' id='word_1_75' title='bbox 2042 1101 2112 1156; x_wconf 90' lang='lat' dir='ltr'><strong>et</strong></span> <span class='ocrx_word' id='word_1_76' title='bbox 2158 1090 2430 1168; x_wconf 81' lang='lat' dir='ltr'><strong>frustra,</strong></span> <span class='ocrx_word' id='word_1_77' title='bbox 2482 1089 2571 1155; x_wconf 92' lang='lat' dir='ltr'><strong>ad</strong></span> <span class='ocrx_word' id='word_1_78' title='bbox 2614 1091 2755 1155; x_wconf 90' lang='lat' dir='ltr'><strong>hoc</strong></span> <span class='ocrx_word' id='word_1_79' title='bbox 2798 1103 2875 1155; x_wconf 93' lang='lat' dir='ltr'><strong>ut</strong></span> <span class='ocrx_word' id='word_1_80' title='bbox 2918 1089 3258 1168; x_wconf 91' lang='lat' dir='ltr'><strong>viderent,</strong></span> <span class='ocrx_word' id='word_1_81' title='bbox 3307 1090 3364 1155; x_wconf 91' lang='lat' dir='ltr'><strong>si</strong></span> <span class='ocrx_word' id='word_1_82' title='bbox 3409 1089 3693 1170; x_wconf 88' lang='lat' dir='ltr'><strong>Rubei‚&#39;</strong></span> <span class='ocrx_word' id='word_1_83' title='bbox 3742 1091 3862 1178; x_wconf 92' lang='lat' dir='ltr'><strong>qui</strong></span> <span class='ocrx_word' id='word_1_84' title='bbox 3909 1090 3985 1156; x_wconf 92' lang='lat' dir='ltr'><strong>in</strong></span> <span class='ocrx_word' id='word_1_85' title='bbox 4040 1090 4192 1176; x_wconf 88' lang='lat' dir='ltr'><strong>ipsa</strong></span> <span class='ocrx_word' id='word_1_86' title='bbox 4252 1112 4429 1177; x_wconf 88' lang='lat' dir='ltr'><strong>pace</strong></span> <span class='ocrx_word' id='word_1_87' title='bbox 4490 1093 4615 1155; x_wconf 91' lang='lat' dir='ltr'><strong>in·</strong></span> <span class='ocrx_word' id='word_1_88' title='bbox 4714 1087 4750 1150; x_wconf 87' lang='lat'><strong>5</strong></span> 
     </span>
     <span class='ocr_line' id='line_1_16' title="bbox 887 1194 4618 1284; baseline 0 -23"><span class='ocrx_word' id='word_1_89' title='bbox 887 1208 1351 1275; x_wconf 88' lang='lat' dir='ltr'><strong>tervenerant,</strong></span> <span class='ocrx_word' id='word_1_90' title='bbox 1401 1217 1555 1262; x_wconf 91' lang='lat' dir='ltr'><strong>eam</strong></span> <span class='ocrx_word' id='word_1_91' title='bbox 1603 1194 1974 1262; x_wconf 89' lang='lat' dir='ltr'><strong>servabant</strong></span> <span class='ocrx_word' id='word_1_92' title='bbox 2019 1207 2089 1262; x_wconf 91' lang='lat' dir='ltr'><strong>et</strong></span> <span class='ocrx_word' id='word_1_93' title='bbox 2132 1208 2210 1262; x_wconf 94' lang='lat' dir='ltr'><strong>ut</strong></span> <span class='ocrx_word' id='word_1_94' title='bbox 2255 1196 2628 1283; x_wconf 88' lang='lat' dir='ltr'><strong>squadram</strong></span> <span class='ocrx_word' id='word_1_95' title='bbox 2675 1194 2997 1262; x_wconf 90' lang='lat' dir='ltr'><strong>Rubeam</strong></span> <span class='ocrx_word' id='word_1_96' title='bbox 3045 1195 3436 1263; x_wconf 86' lang='lat' dir='ltr'><strong>dividerent</strong></span> <span class='ocrx_word' id='word_1_97' title='bbox 3480 1209 3552 1262; x_wconf 92' lang='lat' dir='ltr'><strong>et</strong></span> <span class='ocrx_word' id='word_1_98' title='bbox 3598 1197 3671 1261; x_wconf 89' lang='lat' dir='ltr'><strong>in</strong></span> <span class='ocrx_word' id='word_1_99' title='bbox 3722 1196 4198 1262; x_wconf 85' lang='lat' dir='ltr'><strong>malivolentia</strong></span> <span class='ocrx_word' id='word_1_100' title='bbox 4255 1208 4618 1284; x_wconf 85' lang='lat' dir='ltr'><strong>ponerent</strong></span> 
     </span>
     <span class='ocr_line' id='line_1_17' title="bbox 888 1302 1873 1370; baseline 0.002 -3"><span class='ocrx_word' id='word_1_101' title='bbox 888 1323 1045 1369; x_wconf 92' lang='lat' dir='ltr'><strong>com</strong></span> <span class='ocrx_word' id='word_1_102' title='bbox 1095 1302 1375 1369; x_wconf 90' lang='lat' dir='ltr'><strong>domino</strong></span> <span class='ocrx_word' id='word_1_103' title='bbox 1419 1302 1873 1370; x_wconf 89' lang='lat' dir='ltr'><strong>Petromaria.</strong></span> 
     </span>
    </p>

    <p class='ocr_par' dir='ltr' id='par_1_12' title="bbox 879 1408 4757 2543">
     <span class='ocr_line' id='line_1_18' title="bbox 1060 1408 4616 1499; baseline -0.001 -24"><span class='ocrx_word' id='word_1_104' title='bbox 1060 1410 1240 1475; x_wconf 89' lang='lat' dir='ltr'><strong>Dum</strong></span> <span class='ocrx_word' id='word_1_105' title='bbox 1289 1411 1427 1476; x_wconf 89' lang='lat' dir='ltr'><strong>hec</strong></span> <span class='ocrx_word' id='word_1_106' title='bbox 1474 1409 1773 1476; x_wconf 89' lang='lat' dir='ltr'><strong>violenta</strong></span> <span class='ocrx_word' id='word_1_107' title='bbox 1820 1421 1889 1476; x_wconf 94' lang='lat' dir='ltr'><strong>et</strong></span> <span class='ocrx_word' id='word_1_108' title='bbox 1936 1410 2188 1476; x_wconf 76' lang='lat' dir='ltr'><strong>canina</strong></span> <span class='ocrx_word' id='word_1_109' title='bbox 2230 1431 2370 1496; x_wconf 88' lang='lat' dir='ltr'><strong>pax</strong></span> <span class='ocrx_word' id='word_1_110' title='bbox 2415 1420 2485 1475; x_wconf 92' lang='lat' dir='ltr'><strong>et</strong></span> <span class='ocrx_word' id='word_1_111' title='bbox 2532 1429 2669 1475; x_wconf 90' lang='lat' dir='ltr'><strong>non</strong></span> <span class='ocrx_word' id='word_1_112' title='bbox 2717 1410 3066 1499; x_wconf 86' lang='lat' dir='ltr'><strong>generalis</strong></span> <span class='ocrx_word' id='word_1_113' title='bbox 3111 1411 3300 1476; x_wconf 82' lang='lat' dir='ltr'><strong>facta</strong></span> <span class='ocrx_word' id='word_1_114' title='bbox 3344 1410 3605 1489; x_wconf 86' lang='lat' dir='ltr'><strong>fuisset,</strong></span> <span class='ocrx_word' id='word_1_115' title='bbox 3654 1432 3793 1475; x_wconf 89' lang='lat' dir='ltr'><strong>una</strong></span> <span class='ocrx_word' id='word_1_116' title='bbox 3841 1410 3954 1476; x_wconf 89' lang='lat' dir='ltr'><strong>die</strong></span> <span class='ocrx_word' id='word_1_117' title='bbox 3985 1409 4061 1474; x_wconf 93' lang='lat' dir='ltr'><strong>in</strong></span> <span class='ocrx_word' id='word_1_118' title='bbox 4106 1410 4399 1475; x_wconf 90' lang='lat' dir='ltr'><strong>meridie</strong></span> <span class='ocrx_word' id='word_1_119' title='bbox 4432 1408 4616 1475; x_wconf 87' lang='lat' dir='ltr'><strong>dicti</strong></span> 
     </span>
     <span class='ocr_line' id='line_1_19' title="bbox 894 1513 4612 1607; baseline -0.001 -24"><span class='ocrx_word' id='word_1_120' title='bbox 894 1516 1151 1583; x_wconf 81' lang='lat' dir='ltr'><strong>mensis</strong></span> <span class='ocrx_word' id='word_1_121' title='bbox 1193 1515 1400 1603; x_wconf 87' lang='lat' dir='ltr'><strong>madij</strong></span> <span class='ocrx_word' id='word_1_122' title='bbox 1451 1516 1616 1581; x_wconf 90' lang='lat' dir='ltr'><strong>anni</strong></span> <span class='ocrx_word' id='word_1_123' title='bbox 1671 1513 1859 1593; x_wconf 83' lang='lat'><strong>1477,</strong></span> <span class='ocrx_word' id='word_1_124' title='bbox 1909 1538 1995 1581; x_wconf 90' lang='lat' dir='ltr'><strong>ex</strong></span> <span class='ocrx_word' id='word_1_125' title='bbox 2040 1518 2326 1603; x_wconf 90' lang='lat' dir='ltr'><strong>antiqua</strong></span> <span class='ocrx_word' id='word_1_126' title='bbox 2371 1516 2740 1582; x_wconf 89' lang='lat' dir='ltr'><strong>inimicitia</strong></span> <span class='ocrx_word' id='word_1_127' title='bbox 2786 1516 3065 1604; x_wconf 91' lang='lat' dir='ltr'><strong>quidam</strong></span> <span class='ocrx_word' id='word_1_128' title='bbox 3111 1518 3492 1607; x_wconf 88' lang='lat' dir='ltr'><strong>prevignus</strong></span> <span class='ocrx_word' id='word_1_129' title='bbox 3535 1516 3901 1583; x_wconf 87' lang='lat' dir='ltr'><strong>Benedicti</strong></span> <span class='ocrx_word' id='word_1_130' title='bbox 3950 1517 4039 1582; x_wconf 91' lang='lat' dir='ltr'><strong>de</strong></span> <span class='ocrx_word' id='word_1_131' title='bbox 4085 1516 4430 1596; x_wconf 89' lang='lat' dir='ltr'><strong>Nerron0,</strong></span> <span class='ocrx_word' id='word_1_132' title='bbox 4478 1515 4612 1602; x_wconf 91' lang='lat' dir='ltr'><strong>qui</strong></span> 
     </span>
     <span class='ocr_line' id='line_1_20' title="bbox 885 1621 4757 1711; baseline -0.001 -23"><span class='ocrx_word' id='word_1_133' title='bbox 885 1623 974 1688; x_wconf 93' lang='lat' dir='ltr'><strong>ab</strong></span> <span class='ocrx_word' id='word_1_134' title='bbox 1021 1623 1290 1710; x_wconf 85' lang='lat' dir='ltr'><strong>origine</strong></span> <span class='ocrx_word' id='word_1_135' title='bbox 1339 1634 1488 1688; x_wconf 92' lang='lat' dir='ltr'><strong>erat</strong></span> <span class='ocrx_word' id='word_1_136' title='bbox 1551 1621 2036 1709; x_wconf 76' lang='lat' dir='ltr'><strong>CorrigiensiS,</strong></span> <span class='ocrx_word' id='word_1_137' title='bbox 2084 1622 2209 1688; x_wconf 88' lang='lat' dir='ltr'><strong>sed</strong></span> <span class='ocrx_word' id='word_1_138' title='bbox 2253 1635 2524 1708; x_wconf 87' lang='lat' dir='ltr'><strong>partem</strong></span> <span class='ocrx_word' id='word_1_139' title='bbox 2570 1622 2892 1689; x_wconf 89' lang='lat' dir='ltr'><strong>Rubeam</strong></span> <span class='ocrx_word' id='word_1_140' title='bbox 2938 1636 3223 1709; x_wconf 83' lang='lat' dir='ltr'><strong>propter</strong></span> <span class='ocrx_word' id='word_1_141' title='bbox 3266 1624 3688 1711; x_wconf 84' lang='lat' dir='ltr'><strong>patrignum.</strong></span> <span class='ocrx_word' id='word_1_142' title='bbox 3720 1623 4060 1701; x_wconf 86' lang='lat' dir='ltr'><strong>servabat,</strong></span> <span class='ocrx_word' id='word_1_143' title='bbox 4106 1622 4326 1689; x_wconf 89' lang='lat' dir='ltr'><strong>verba</strong></span> <span class='ocrx_word' id='word_1_144' title='bbox 4370 1623 4614 1688; x_wconf 82' lang='lat' dir='ltr'><strong>rixosa</strong></span> <span class='ocrx_word' id='word_1_145' title='bbox 4675 1621 4757 1685; x_wconf 89' lang='lat' dir='ltr'><strong>lo</strong></span> 
     </span>
     <span class='ocr_line' id='line_1_21' title="bbox 880 1728 4607 1819; baseline 0 -26"><span class='ocrx_word' id='word_1_146' title='bbox 880 1730 1147 1796; x_wconf 89' lang='lat' dir='ltr'><strong>habens</strong></span> <span class='ocrx_word' id='word_1_147' title='bbox 1195 1749 1351 1794; x_wconf 93' lang='lat' dir='ltr'><strong>cum</strong></span> <span class='ocrx_word' id='word_1_148' title='bbox 1400 1729 1543 1794; x_wconf 89' lang='lat' dir='ltr'><strong>don</strong></span> <span class='ocrx_word' id='word_1_149' title='bbox 1588 1729 1817 1795; x_wconf 90' lang='lat' dir='ltr'><strong>David</strong></span> <span class='ocrx_word' id='word_1_150' title='bbox 1865 1731 1954 1795; x_wconf 89' lang='lat' dir='ltr'><strong>de</strong></span> <span class='ocrx_word' id='word_1_151' title='bbox 1999 1728 2338 1796; x_wconf 89' lang='lat' dir='ltr'><strong>Mastallis</strong></span> <span class='ocrx_word' id='word_1_152' title='bbox 2382 1728 2812 1817; x_wconf 88' lang='lat' dir='ltr'><strong>Corrigiensi</strong></span> <span class='ocrx_word' id='word_1_153' title='bbox 2858 1742 2928 1796; x_wconf 90' lang='lat' dir='ltr'><strong>et</strong></span> <span class='ocrx_word' id='word_1_154' title='bbox 2972 1731 3092 1816; x_wconf 90' lang='lat' dir='ltr'><strong>qui</strong></span> <span class='ocrx_word' id='word_1_155' title='bbox 3137 1731 3366 1796; x_wconf 84' lang='lat' dir='ltr'><strong>fuerat</strong></span> <span class='ocrx_word' id='word_1_156' title='bbox 3411 1731 3482 1794; x_wconf 91' lang='lat' dir='ltr'><strong>in</strong></span> <span class='ocrx_word' id='word_1_157' title='bbox 3527 1729 3936 1819; x_wconf 80' lang='lat' dir='ltr'><strong>sacrilegijS‚</strong></span> <span class='ocrx_word' id='word_1_158' title='bbox 3969 1730 4061 1795; x_wconf 91' lang='lat' dir='ltr'><strong>de</strong></span> <span class='ocrx_word' id='word_1_159' title='bbox 4089 1729 4338 1815; x_wconf 89' lang='lat' dir='ltr'><strong>quibus</strong></span> <span class='ocrx_word' id='word_1_160' title='bbox 4369 1751 4607 1815; x_wconf 71' lang='lat' dir='ltr'><strong>supra,</strong></span> 
     </span>
     <span class='ocr_line' id='line_1_22' title="bbox 879 1834 4606 1925; baseline -0.001 -22"><span class='ocrx_word' id='word_1_161' title='bbox 879 1835 1104 1925; x_wconf 89' lang='lat' dir='ltr'><strong>ipsum</strong></span> <span class='ocrx_word' id='word_1_162' title='bbox 1150 1834 1291 1901; x_wconf 88' lang='lat' dir='ltr'><strong>don</strong></span> <span class='ocrx_word' id='word_1_163' title='bbox 1337 1834 1569 1901; x_wconf 89' lang='lat' dir='ltr'><strong>David</strong></span> <span class='ocrx_word' id='word_1_164' title='bbox 1614 1834 2000 1902; x_wconf 89' lang='lat' dir='ltr'><strong>vulneravit</strong></span> <span class='ocrx_word' id='word_1_165' title='bbox 2043 1847 2114 1902; x_wconf 90' lang='lat' dir='ltr'><strong>et</strong></span> <span class='ocrx_word' id='word_1_166' title='bbox 2158 1835 2452 1913; x_wconf 84' lang='lat' dir='ltr'><strong>occidit3</strong></span> <span class='ocrx_word' id='word_1_167' title='bbox 2500 1857 2588 1901; x_wconf 91' lang='lat' dir='ltr'><strong>ex</strong></span> <span class='ocrx_word' id='word_1_168' title='bbox 2634 1856 2773 1923; x_wconf 92' lang='lat' dir='ltr'><strong>quo</strong></span> <span class='ocrx_word' id='word_1_169' title='bbox 2805 1835 2905 1900; x_wconf 92' lang='lat' dir='ltr'><strong>illi</strong></span> <span class='ocrx_word' id='word_1_170' title='bbox 2936 1838 3026 1901; x_wconf 90' lang='lat' dir='ltr'><strong>de</strong></span> <span class='ocrx_word' id='word_1_171' title='bbox 3058 1837 3275 1903; x_wconf 89' lang='lat' dir='ltr'><strong>tribus</strong></span> <span class='ocrx_word' id='word_1_172' title='bbox 3321 1835 3636 1923; x_wconf 91' lang='lat' dir='ltr'><strong>squadris</strong></span> <span class='ocrx_word' id='word_1_173' title='bbox 3681 1836 3841 1901; x_wconf 90' lang='lat' dir='ltr'><strong>irati</strong></span> <span class='ocrx_word' id='word_1_174' title='bbox 3886 1837 4234 1925; x_wconf 83' lang='lat' dir='ltr'><strong>jusserunt</strong></span> <span class='ocrx_word' id='word_1_175' title='bbox 4264 1857 4394 1921; x_wconf 91' lang='lat' dir='ltr'><strong>per</strong></span> <span class='ocrx_word' id='word_1_176' title='bbox 4424 1855 4606 1899; x_wconf 88' lang='lat' dir='ltr'><strong>non-</strong></span> 
     </span>
     <span class='ocr_line' id='line_1_23' title="bbox 880 1941 4606 2030; baseline 0 -24"><span class='ocrx_word' id='word_1_177' title='bbox 880 1943 1106 2007; x_wconf 91' lang='lat' dir='ltr'><strong>nullos</strong></span> <span class='ocrx_word' id='word_1_178' title='bbox 1153 1954 1486 2030; x_wconf 87' lang='lat' dir='ltr'><strong>cagnetos</strong></span> <span class='ocrx_word' id='word_1_179' title='bbox 1533 1953 1604 2008; x_wconf 91' lang='lat' dir='ltr'><strong>et</strong></span> <span class='ocrx_word' id='word_1_180' title='bbox 1648 1941 1971 2008; x_wconf 87' lang='lat' dir='ltr'><strong>bannitos</strong></span> <span class='ocrx_word' id='word_1_181' title='bbox 2014 1943 2103 2008; x_wconf 90' lang='lat' dir='ltr'><strong>de</strong></span> <span class='ocrx_word' id='word_1_182' title='bbox 2151 1942 2264 2008; x_wconf 91' lang='lat' dir='ltr'><strong>die</strong></span> <span class='ocrx_word' id='word_1_183' title='bbox 2313 1942 2502 2009; x_wconf 86' lang='lat' dir='ltr'><strong>clara</strong></span> <span class='ocrx_word' id='word_1_184' title='bbox 2545 1942 2778 2009; x_wconf 89' lang='lat' dir='ltr'><strong>invadi</strong></span> <span class='ocrx_word' id='word_1_185' title='bbox 2826 1944 3103 2009; x_wconf 91' lang='lat' dir='ltr'><strong>domum</strong></span> <span class='ocrx_word' id='word_1_186' title='bbox 3149 1943 3316 2008; x_wconf 88' lang='lat' dir='ltr'><strong>dicti</strong></span> <span class='ocrx_word' id='word_1_187' title='bbox 3363 1942 3689 2029; x_wconf 86' lang='lat' dir='ltr'><strong>previgni</strong></span> <span class='ocrx_word' id='word_1_188' title='bbox 3722 1943 3921 2008; x_wconf 88' lang='lat' dir='ltr'><strong>sitam</strong></span> <span class='ocrx_word' id='word_1_189' title='bbox 3955 1941 4028 2007; x_wconf 89' lang='lat' dir='ltr'><strong>in</strong></span> <span class='ocrx_word' id='word_1_190' title='bbox 4072 1941 4295 2030; x_wconf 88' lang='lat' dir='ltr'><strong>burgo</strong></span> <span class='ocrx_word' id='word_1_191' title='bbox 4329 1941 4606 2008; x_wconf 88' lang='lat' dir='ltr'><strong>Strina-</strong></span> 
     </span>
     <span class='ocr_line' id='line_1_24' title="bbox 884 2047 4605 2141; baseline -0.001 -26"><span class='ocrx_word' id='word_1_192' title='bbox 884 2062 1110 2116; x_wconf 90' lang='lat' dir='ltr'><strong>torum</strong></span> <span class='ocrx_word' id='word_1_193' title='bbox 1160 2059 1229 2113; x_wconf 88' lang='lat' dir='ltr'><strong>et</strong></span> <span class='ocrx_word' id='word_1_194' title='bbox 1277 2048 1348 2112; x_wconf 91' lang='lat' dir='ltr'><strong>in</strong></span> <span class='ocrx_word' id='word_1_195' title='bbox 1396 2069 1534 2135; x_wconf 90' lang='lat' dir='ltr'><strong>qua</strong></span> <span class='ocrx_word' id='word_1_196' title='bbox 1577 2047 1802 2113; x_wconf 90' lang='lat' dir='ltr'><strong>dictus</strong></span> <span class='ocrx_word' id='word_1_197' title='bbox 1848 2048 2272 2115; x_wconf 87' lang='lat' dir='ltr'><strong>Benedictus</strong></span> <span class='ocrx_word' id='word_1_198' title='bbox 2318 2060 2389 2115; x_wconf 88' lang='lat' dir='ltr'><strong>et</strong></span> <span class='ocrx_word' id='word_1_199' title='bbox 2434 2049 2578 2116; x_wconf 91' lang='lat' dir='ltr'><strong>don</strong></span> <span class='ocrx_word' id='word_1_200' title='bbox 2624 2050 3033 2135; x_wconf 90' lang='lat' dir='ltr'><strong>Zampetrus</strong></span> <span class='ocrx_word' id='word_1_201' title='bbox 3063 2047 3388 2115; x_wconf 88' lang='lat' dir='ltr'><strong>Tiberius</strong></span> <span class='ocrx_word' id='word_1_202' title='bbox 3419 2048 3605 2115; x_wconf 93' lang='lat' dir='ltr'><strong>bona</strong></span> <span class='ocrx_word' id='word_1_203' title='bbox 3637 2070 3761 2114; x_wconf 91' lang='lat' dir='ltr'><strong>sua</strong></span> <span class='ocrx_word' id='word_1_204' title='bbox 3792 2060 4268 2141; x_wconf 81' lang='lat' dir='ltr'><strong>reposuerant,</strong></span> <span class='ocrx_word' id='word_1_205' title='bbox 4303 2047 4605 2115; x_wconf 89' lang='lat' dir='ltr'><strong>creden-</strong></span> 
     </span>
     <span class='ocr_line' id='line_1_25' title="bbox 882 2152 4746 2241; baseline -0.002 -19"><span class='ocrx_word' id='word_1_206' title='bbox 882 2170 985 2223; x_wconf 88' lang='lat' dir='ltr'><strong>tes</strong></span> <span class='ocrx_word' id='word_1_207' title='bbox 1032 2174 1118 2221; x_wconf 90' lang='lat' dir='ltr'><strong>ea</strong></span> <span class='ocrx_word' id='word_1_208' title='bbox 1164 2154 1354 2220; x_wconf 86' lang='lat' dir='ltr'><strong>salva</strong></span> <span class='ocrx_word' id='word_1_209' title='bbox 1399 2155 1553 2221; x_wconf 82' lang='lat' dir='ltr'><strong>fore</strong></span> <span class='ocrx_word' id='word_1_210' title='bbox 1602 2166 1671 2221; x_wconf 91' lang='lat' dir='ltr'><strong>et</strong></span> <span class='ocrx_word' id='word_1_211' title='bbox 1716 2154 1948 2220; x_wconf 91' lang='lat' dir='ltr'><strong>omnia</strong></span> <span class='ocrx_word' id='word_1_212' title='bbox 2009 2154 2156 2240; x_wconf 88' lang='lat' dir='ltr'><strong>ipsa</strong></span> <span class='ocrx_word' id='word_1_213' title='bbox 2217 2153 2398 2221; x_wconf 90' lang='lat' dir='ltr'><strong>bona</strong></span> <span class='ocrx_word' id='word_1_214' title='bbox 2456 2167 3075 2222; x_wconf 89' lang='lat' dir='ltr'><strong>sacomanaverunt</strong></span> <span class='ocrx_word' id='word_1_215' title='bbox 3137 2167 3207 2221; x_wconf 97' lang='lat' dir='ltr'><strong>et</strong></span> <span class='ocrx_word' id='word_1_216' title='bbox 3267 2166 3826 2241; x_wconf 87' lang='lat' dir='ltr'><strong>exportaverunt,</strong></span> <span class='ocrx_word' id='word_1_217' title='bbox 3888 2173 4177 2241; x_wconf 92' lang='lat' dir='ltr'><strong>quorum</strong></span> <span class='ocrx_word' id='word_1_218' title='bbox 4239 2175 4380 2219; x_wconf 91' lang='lat' dir='ltr'><strong>una</strong></span> <span class='ocrx_word' id='word_1_219' title='bbox 4438 2175 4607 2239; x_wconf 90' lang='lat' dir='ltr'><strong>pars</strong></span> <span class='ocrx_word' id='word_1_220' title='bbox 4669 2152 4746 2217; x_wconf 86' lang='lat'><strong>15</strong></span> 
     </span>
     <span class='ocr_line' id='line_1_26' title="bbox 879 2260 4605 2350; baseline -0 -24"><span class='ocrx_word' id='word_1_221' title='bbox 879 2263 1074 2350; x_wconf 82' lang='lat' dir='ltr'><strong>jussu</strong></span> <span class='ocrx_word' id='word_1_222' title='bbox 1124 2261 1289 2328; x_wconf 90' lang='lat' dir='ltr'><strong>dicti</strong></span> <span class='ocrx_word' id='word_1_223' title='bbox 1336 2260 1601 2328; x_wconf 91' lang='lat' dir='ltr'><strong>domini</strong></span> <span class='ocrx_word' id='word_1_224' title='bbox 1647 2260 1954 2327; x_wconf 89' lang='lat' dir='ltr'><strong>Tristani</strong></span> <span class='ocrx_word' id='word_1_225' title='bbox 1999 2261 2314 2328; x_wconf 89' lang='lat' dir='ltr'><strong>restituta</strong></span> <span class='ocrx_word' id='word_1_226' title='bbox 2358 2263 2513 2328; x_wconf 78' lang='lat' dir='ltr'><strong>fuit.</strong></span> <span class='ocrx_word' id='word_1_227' title='bbox 2606 2263 2697 2328; x_wconf 90' lang='lat' dir='ltr'><strong>Et</strong></span> <span class='ocrx_word' id='word_1_228' title='bbox 2742 2262 3004 2330; x_wconf 88' lang='lat' dir='ltr'><strong>occisio</strong></span> <span class='ocrx_word' id='word_1_229' title='bbox 3050 2262 3182 2328; x_wconf 90' lang='lat' dir='ltr'><strong>hec</strong></span> <span class='ocrx_word' id='word_1_230' title='bbox 3250 2262 3593 2349; x_wconf 87' lang='lat' dir='ltr'><strong>processit</strong></span> <span class='ocrx_word' id='word_1_231' title='bbox 3652 2284 3740 2328; x_wconf 91' lang='lat' dir='ltr'><strong>ex</strong></span> <span class='ocrx_word' id='word_1_232' title='bbox 3801 2260 3937 2327; x_wconf 92' lang='lat' dir='ltr'><strong>alio</strong></span> <span class='ocrx_word' id='word_1_233' title='bbox 3999 2262 4331 2326; x_wconf 90' lang='lat' dir='ltr'><strong>miraculo</strong></span> <span class='ocrx_word' id='word_1_234' title='bbox 4381 2261 4605 2326; x_wconf 90' lang='lat' dir='ltr'><strong>sacri-</strong></span> 
     </span>
     <span class='ocr_line' id='line_1_27' title="bbox 884 2366 4602 2457; baseline -0 -25"><span class='ocrx_word' id='word_1_235' title='bbox 884 2368 1219 2457; x_wconf 89' lang='lat' dir='ltr'><strong>legiorum</strong></span> <span class='ocrx_word' id='word_1_236' title='bbox 1270 2389 1480 2453; x_wconf 90' lang='lat' dir='ltr'><strong>supra</strong></span> <span class='ocrx_word' id='word_1_237' title='bbox 1523 2380 2092 2445; x_wconf 64' lang='lat' dir='ltr'><strong>memoratorumg</strong></span> <span class='ocrx_word' id='word_1_238' title='bbox 2143 2379 2214 2434; x_wconf 92' lang='lat' dir='ltr'><strong>et</strong></span> <span class='ocrx_word' id='word_1_239' title='bbox 2257 2368 2357 2435; x_wconf 88' lang='lat' dir='ltr'><strong>sic</strong></span> <span class='ocrx_word' id='word_1_240' title='bbox 2404 2390 2545 2455; x_wconf 86' lang='lat' dir='ltr'><strong>pax</strong></span> <span class='ocrx_word' id='word_1_241' title='bbox 2587 2380 2792 2454; x_wconf 90' lang='lat' dir='ltr'><strong>rupta</strong></span> <span class='ocrx_word' id='word_1_242' title='bbox 2837 2368 2968 2434; x_wconf 81' lang='lat' dir='ltr'><strong>fuit</strong></span> <span class='ocrx_word' id='word_1_243' title='bbox 3016 2369 3223 2454; x_wconf 90' lang='lat' dir='ltr'><strong>culpa</strong></span> <span class='ocrx_word' id='word_1_244' title='bbox 3278 2367 3448 2434; x_wconf 90' lang='lat' dir='ltr'><strong>dicti</strong></span> <span class='ocrx_word' id='word_1_245' title='bbox 3495 2369 3634 2435; x_wconf 90' lang='lat' dir='ltr'><strong>don</strong></span> <span class='ocrx_word' id='word_1_246' title='bbox 3680 2368 3931 2445; x_wconf 86' lang='lat' dir='ltr'><strong>David,</strong></span> <span class='ocrx_word' id='word_1_247' title='bbox 3981 2368 4098 2455; x_wconf 93' lang='lat' dir='ltr'><strong>qui</strong></span> <span class='ocrx_word' id='word_1_248' title='bbox 4141 2367 4338 2454; x_wconf 91' lang='lat' dir='ltr'><strong>prius</strong></span> <span class='ocrx_word' id='word_1_249' title='bbox 4385 2366 4602 2432; x_wconf 92' lang='lat' dir='ltr'><strong>insul-</strong></span> 
     </span>
     <span class='ocr_line' id='line_1_28' title="bbox 883 2474 3212 2543; baseline -0.001 0"><span class='ocrx_word' id='word_1_250' title='bbox 883 2486 1148 2543; x_wconf 87' lang='lat' dir='ltr'><strong>taverat</strong></span> <span class='ocrx_word' id='word_1_251' title='bbox 1195 2485 1265 2541; x_wconf 92' lang='lat' dir='ltr'><strong>et</strong></span> <span class='ocrx_word' id='word_1_252' title='bbox 1308 2475 1399 2541; x_wconf 90' lang='lat' dir='ltr'><strong>ad</strong></span> <span class='ocrx_word' id='word_1_253' title='bbox 1444 2486 1736 2540; x_wconf 90' lang='lat' dir='ltr'><strong>mortem</strong></span> <span class='ocrx_word' id='word_1_254' title='bbox 1783 2474 2268 2541; x_wconf 88' lang='lat' dir='ltr'><strong>vulneraverat</strong></span> <span class='ocrx_word' id='word_1_255' title='bbox 2313 2475 2788 2542; x_wconf 88' lang='lat' dir='ltr'><strong>adversarium</strong></span> <span class='ocrx_word' id='word_1_256' title='bbox 2835 2497 3053 2541; x_wconf 90' lang='lat' dir='ltr'><strong>suum.</strong></span> <span class='ocrx_word' id='word_1_257' title='bbox 3207 2480 3212 2487; x_wconf 82' lang='lat'>&#39;</span> 
     </span>
    </p>

    <p class='ocr_par' dir='ltr' id='par_1_13' title="bbox 878 2579 4743 2990">
     <span class='ocr_line' id='line_1_29' title="bbox 1054 2579 4600 2670; baseline -0.001 -22"><span class='ocrx_word' id='word_1_258' title='bbox 1054 2583 1162 2648; x_wconf 91' lang='lat' dir='ltr'><strong>De</strong></span> <span class='ocrx_word' id='word_1_259' title='bbox 1208 2582 1399 2648; x_wconf 90' lang='lat' dir='ltr'><strong>dicto</strong></span> <span class='ocrx_word' id='word_1_260' title='bbox 1446 2602 1683 2648; x_wconf 91' lang='lat' dir='ltr'><strong>mense</strong></span> <span class='ocrx_word' id='word_1_261' title='bbox 1732 2581 1936 2670; x_wconf 86' lang='lat' dir='ltr'><strong>madij</strong></span> <span class='ocrx_word' id='word_1_262' title='bbox 1984 2582 2146 2647; x_wconf 90' lang='lat' dir='ltr'><strong>anni</strong></span> <span class='ocrx_word' id='word_1_263' title='bbox 2188 2580 2351 2653; x_wconf 84' lang='lat'>1477</span> <span class='ocrx_word' id='word_1_264' title='bbox 2402 2583 2565 2648; x_wconf 90' lang='lat' dir='ltr'><strong>dum</strong></span> <span class='ocrx_word' id='word_1_265' title='bbox 2611 2579 3016 2649; x_wconf 84' lang='lat' dir='ltr'><strong>Alexander</strong></span> <span class='ocrx_word' id='word_1_266' title='bbox 3063 2582 3150 2648; x_wconf 90' lang='lat' dir='ltr'><strong>de</strong></span> <span class='ocrx_word' id='word_1_267' title='bbox 3198 2582 3736 2660; x_wconf 75' lang='lat' dir='ltr'><strong>Bernazonibu8‚</strong></span> <span class='ocrx_word' id='word_1_268' title='bbox 3787 2582 4013 2649; x_wconf 89' lang='lat' dir='ltr'><strong>dictus</strong></span> <span class='ocrx_word' id='word_1_269' title='bbox 4058 2582 4458 2659; x_wconf 67' lang='lat' dir='ltr'><strong>Coruinus,</strong></span> <span class='ocrx_word' id='word_1_270' title='bbox 4508 2582 4600 2647; x_wconf 91' lang='lat' dir='ltr'><strong>de</strong></span> 
     </span>
     <span class='ocr_line' id='line_1_30' title="bbox 884 2687 4743 2776; baseline -0.001 -21"><span class='ocrx_word' id='word_1_271' title='bbox 884 2701 1083 2776; x_wconf 85' lang='lat' dir='ltr'><strong>parte</strong></span> <span class='ocrx_word' id='word_1_272' title='bbox 1131 2687 1515 2765; x_wconf 87' lang='lat' dir='ltr'><strong>Sanvitalli,</strong></span> <span class='ocrx_word' id='word_1_273' title='bbox 1564 2688 1682 2776; x_wconf 92' lang='lat' dir='ltr'><strong>qui</strong></span> <span class='ocrx_word' id='word_1_274' title='bbox 1726 2690 1798 2754; x_wconf 91' lang='lat' dir='ltr'><strong>in</strong></span> <span class='ocrx_word' id='word_1_275' title='bbox 1847 2707 2215 2755; x_wconf 88' lang='lat' dir='ltr'><strong>sacomano</strong></span> <span class='ocrx_word' id='word_1_276' title='bbox 2263 2690 2587 2775; x_wconf 84' lang='lat' dir='ltr'><strong>locuplex</strong></span> <span class='ocrx_word' id='word_1_277' title='bbox 2633 2690 2863 2756; x_wconf 82' lang='lat' dir='ltr'><strong>factus</strong></span> <span class='ocrx_word' id='word_1_278' title='bbox 2910 2690 3137 2756; x_wconf 80' lang='lat' dir='ltr'><strong>fuerat</strong></span> <span class='ocrx_word' id='word_1_279' title='bbox 3183 2701 3251 2755; x_wconf 91' lang='lat' dir='ltr'><strong>et</strong></span> <span class='ocrx_word' id='word_1_280' title='bbox 3296 2690 3367 2755; x_wconf 92' lang='lat' dir='ltr'><strong>in</strong></span> <span class='ocrx_word' id='word_1_281' title='bbox 3415 2689 3711 2756; x_wconf 89' lang='lat' dir='ltr'><strong>ecclesia</strong></span> <span class='ocrx_word' id='word_1_282' title='bbox 3755 2701 3994 2756; x_wconf 89' lang='lat' dir='ltr'><strong>sancte</strong></span> <span class='ocrx_word' id='word_1_283' title='bbox 4038 2687 4265 2755; x_wconf 87' lang='lat' dir='ltr'><strong>Marie</strong></span> <span class='ocrx_word' id='word_1_284' title='bbox 4310 2688 4598 2774; x_wconf 92' lang='lat' dir='ltr'><strong>Templi</strong></span> <span class='ocrx_word' id='word_1_285' title='bbox 4651 2689 4743 2751; x_wconf 85' lang='lat'><strong>20</strong></span> 
     </span>
     <span class='ocr_line' id='line_1_31' title="bbox 878 2794 4598 2885; baseline -0.001 -23"><span class='ocrx_word' id='word_1_286' title='bbox 878 2818 1076 2870; x_wconf 88' lang='lat' dir='ltr'><strong>sacra</strong></span> <span class='ocrx_word' id='word_1_287' title='bbox 1097 2796 1614 2882; x_wconf 80' lang='lat' dir='ltr'><strong>profanaverat,</strong></span> <span class='ocrx_word' id='word_1_288' title='bbox 1648 2795 1987 2860; x_wconf 89' lang='lat' dir='ltr'><strong>transiens</strong></span> <span class='ocrx_word' id='word_1_289' title='bbox 2019 2815 2173 2860; x_wconf 92' lang='lat' dir='ltr'><strong>com</strong></span> <span class='ocrx_word' id='word_1_290' title='bbox 2205 2815 2344 2861; x_wconf 91' lang='lat' dir='ltr'><strong>uno</strong></span> <span class='ocrx_word' id='word_1_291' title='bbox 2376 2795 2567 2862; x_wconf 89' lang='lat' dir='ltr'><strong>socio</strong></span> <span class='ocrx_word' id='word_1_292' title='bbox 2598 2807 2899 2862; x_wconf 90' lang='lat' dir='ltr'><strong>armatus</strong></span> <span class='ocrx_word' id='word_1_293' title='bbox 2928 2816 3057 2882; x_wconf 90' lang='lat' dir='ltr'><strong>per</strong></span> <span class='ocrx_word' id='word_1_294' title='bbox 3084 2796 3353 2883; x_wconf 88' lang='lat' dir='ltr'><strong>glareas</strong></span> <span class='ocrx_word' id='word_1_295' title='bbox 3383 2796 3682 2861; x_wconf 88' lang='lat' dir='ltr'><strong>fluminis</strong></span> <span class='ocrx_word' id='word_1_296' title='bbox 3711 2796 4051 2885; x_wconf 90' lang='lat' dir='ltr'><strong>Bagantie</strong></span> <span class='ocrx_word' id='word_1_297' title='bbox 4079 2796 4280 2884; x_wconf 82' lang='lat' dir='ltr'><strong>juxta</strong></span> <span class='ocrx_word' id='word_1_298' title='bbox 4314 2794 4598 2873; x_wconf 88' lang='lat' dir='ltr'><strong>Sallam,</strong></span> 
     </span>
     <span class='ocr_line' id='line_1_32' title="bbox 880 2901 4599 2990; baseline -0.001 -23"><span class='ocrx_word' id='word_1_299' title='bbox 880 2904 1242 2970; x_wconf 89' lang='lat' dir='ltr'><strong>insultatus</strong></span> <span class='ocrx_word' id='word_1_300' title='bbox 1288 2902 1421 2968; x_wconf 80' lang='lat' dir='ltr'><strong>fuit</strong></span> <span class='ocrx_word' id='word_1_301' title='bbox 1469 2915 1539 2969; x_wconf 91' lang='lat' dir='ltr'><strong>et</strong></span> <span class='ocrx_word' id='word_1_302' title='bbox 1583 2901 1777 2968; x_wconf 91' lang='lat' dir='ltr'><strong>illico</strong></span> <span class='ocrx_word' id='word_1_303' title='bbox 1823 2901 2234 2968; x_wconf 86' lang='lat' dir='ltr'><strong>interfectus</strong></span> <span class='ocrx_word' id='word_1_304' title='bbox 2280 2923 2321 2967; x_wconf 91' lang='lat' dir='ltr'><strong>a</strong></span> <span class='ocrx_word' id='word_1_305' title='bbox 2365 2903 2667 2988; x_wconf 91' lang='lat' dir='ltr'><strong>quodam</strong></span> <span class='ocrx_word' id='word_1_306' title='bbox 2713 2903 2802 2968; x_wconf 91' lang='lat' dir='ltr'><strong>de</strong></span> <span class='ocrx_word' id='word_1_307' title='bbox 2850 2902 3149 2989; x_wconf 89' lang='lat' dir='ltr'><strong>squadra</strong></span> <span class='ocrx_word' id='word_1_308' title='bbox 3192 2902 3468 2982; x_wconf 89' lang='lat' dir='ltr'><strong>Rubea,</strong></span> <span class='ocrx_word' id='word_1_309' title='bbox 3516 2923 3722 2990; x_wconf 91' lang='lat' dir='ltr'><strong>quem</strong></span> <span class='ocrx_word' id='word_1_310' title='bbox 3771 2902 3920 2987; x_wconf 90' lang='lat' dir='ltr'><strong>ipse</strong></span> <span class='ocrx_word' id='word_1_311' title='bbox 3968 2902 4348 2968; x_wconf 88' lang='lat' dir='ltr'><strong>Corazinus</strong></span> <span class='ocrx_word' id='word_1_312' title='bbox 4393 2902 4599 2966; x_wconf 90' lang='lat' dir='ltr'><strong>dero-</strong></span> 
     </span>
    </p>
   </div>
   <div class='ocr_carea' id='block_1_12' title="bbox 792 3007 4598 3098">
    <p class='ocr_par' dir='ltr' id='par_1_14' title="bbox 792 3007 4598 3098">
     <span class='ocr_line' id='line_1_33' title="bbox 792 3007 4598 3098; baseline -0.001 -22"><span class='ocrx_word' id='word_1_313' title='bbox 792 3058 797 3067; x_wconf 85' lang='lat'><strong>.</strong></span> <span class='ocrx_word' id='word_1_314' title='bbox 878 3009 1165 3076; x_wconf 87' lang='lat' dir='ltr'><strong>baverat</strong></span> <span class='ocrx_word' id='word_1_315' title='bbox 1211 3010 1281 3074; x_wconf 91' lang='lat' dir='ltr'><strong>in</strong></span> <span class='ocrx_word' id='word_1_316' title='bbox 1330 3008 1520 3074; x_wconf 90' lang='lat' dir='ltr'><strong>dicto</strong></span> <span class='ocrx_word' id='word_1_317' title='bbox 1567 3028 1936 3074; x_wconf 88' lang='lat' dir='ltr'><strong>sacomano</strong></span> <span class='ocrx_word' id='word_1_318' title='bbox 1984 3021 2054 3075; x_wconf 97' lang='lat' dir='ltr'><strong>et</strong></span> <span class='ocrx_word' id='word_1_319' title='bbox 2100 3010 2249 3075; x_wconf 91' lang='lat' dir='ltr'><strong>eius</strong></span> <span class='ocrx_word' id='word_1_320' title='bbox 2296 3008 2694 3094; x_wconf 92' lang='lat' dir='ltr'><strong>deploidem</strong></span> <span class='ocrx_word' id='word_1_321' title='bbox 2742 3009 2816 3073; x_wconf 89' lang='lat' dir='ltr'><strong>in</strong></span> <span class='ocrx_word' id='word_1_322' title='bbox 2863 3009 3071 3076; x_wconf 90' lang='lat' dir='ltr'><strong>dorso</strong></span> <span class='ocrx_word' id='word_1_323' title='bbox 3116 3007 3454 3098; x_wconf 87' lang='lat' dir='ltr'><strong>gestabat.</strong></span> <span class='ocrx_word' id='word_1_324' title='bbox 3545 3009 3857 3095; x_wconf 63' lang='lat' dir='ltr'><strong>Reperti,</strong></span> <span class='ocrx_word' id='word_1_325' title='bbox 3892 3019 4050 3074; x_wconf 89' lang='lat' dir='ltr'><strong>sunt</strong></span> <span class='ocrx_word' id='word_1_326' title='bbox 4092 3018 4336 3094; x_wconf 89' lang='lat' dir='ltr'><strong>postea</strong></span> <span class='ocrx_word' id='word_1_327' title='bbox 4397 3007 4598 3074; x_wconf 90' lang='lat' dir='ltr'><strong>multi</strong></span> 
     </span>
    </p>
   </div>
   <div class='ocr_carea' id='block_1_13' title="bbox 876 3113 4730 5770">
    <p class='ocr_par' dir='ltr' id='par_1_15' title="bbox 877 3113 4730 3419">
     <span class='ocr_line' id='line_1_34' title="bbox 895 3113 4601 3204; baseline -0.001 -22"><span class='ocrx_word' id='word_1_328' title='bbox 895 3116 1131 3182; x_wconf 86' lang='lat' dir='ltr'><strong>ducati</strong></span> <span class='ocrx_word' id='word_1_329' title='bbox 1176 3116 1249 3180; x_wconf 93' lang='lat' dir='ltr'><strong>in</strong></span> <span class='ocrx_word' id='word_1_330' title='bbox 1298 3115 1482 3181; x_wconf 90' lang='lat' dir='ltr'><strong>dicta</strong></span> <span class='ocrx_word' id='word_1_331' title='bbox 1528 3113 1858 3200; x_wconf 91' lang='lat' dir='ltr'><strong>deploide</strong></span> <span class='ocrx_word' id='word_1_332' title='bbox 1908 3125 1976 3181; x_wconf 90' lang='lat' dir='ltr'><strong>et</strong></span> <span class='ocrx_word' id='word_1_333' title='bbox 2019 3136 2159 3180; x_wconf 90' lang='lat' dir='ltr'><strong>una</strong></span> <span class='ocrx_word' id='word_1_334' title='bbox 2205 3115 2470 3204; x_wconf 91' lang='lat' dir='ltr'><strong>corigia</strong></span> <span class='ocrx_word' id='word_1_335' title='bbox 2514 3114 2809 3204; x_wconf 91' lang='lat' dir='ltr'><strong>argenti,</strong></span> <span class='ocrx_word' id='word_1_336' title='bbox 2857 3127 3439 3201; x_wconf 86' lang='lat' dir='ltr'><strong>pertranseuntes,</strong></span> <span class='ocrx_word' id='word_1_337' title='bbox 3473 3136 3764 3203; x_wconf 90' lang='lat' dir='ltr'><strong>quorum</strong></span> <span class='ocrx_word' id='word_1_338' title='bbox 3797 3115 4102 3202; x_wconf 88' lang='lat' dir='ltr'><strong>aliquam</strong></span> <span class='ocrx_word' id='word_1_339' title='bbox 4134 3126 4403 3201; x_wconf 88' lang='lat' dir='ltr'><strong>partem</strong></span> <span class='ocrx_word' id='word_1_340' title='bbox 4437 3135 4601 3199; x_wconf 89' lang='lat' dir='ltr'><strong>pre-</strong></span> 
     </span>
     <span class='ocr_line' id='line_1_35' title="bbox 878 3218 4730 3309; baseline -0.001 -22"><span class='ocrx_word' id='word_1_341' title='bbox 878 3223 1270 3289; x_wconf 87' lang='lat' dir='ltr'><strong>nominatus</strong></span> <span class='ocrx_word' id='word_1_342' title='bbox 1303 3221 1396 3287; x_wconf 92' lang='lat' dir='ltr'><strong>de</strong></span> <span class='ocrx_word' id='word_1_343' title='bbox 1426 3222 1726 3308; x_wconf 91' lang='lat' dir='ltr'><strong>squadra</strong></span> <span class='ocrx_word' id='word_1_344' title='bbox 1770 3219 2054 3287; x_wconf 90' lang='lat' dir='ltr'><strong>Rubea&#39;</strong></span> <span class='ocrx_word' id='word_1_345' title='bbox 2086 3221 2333 3287; x_wconf 92' lang='lat' dir='ltr'><strong>nolluit</strong></span> <span class='ocrx_word' id='word_1_346' title='bbox 2361 3221 2687 3306; x_wconf 89' lang='lat' dir='ltr'><strong>accipere</strong></span> <span class='ocrx_word' id='word_1_347' title='bbox 2722 3221 2988 3301; x_wconf 90' lang='lat' dir='ltr'><strong>dicens,</strong></span> <span class='ocrx_word' id='word_1_348' title='bbox 3023 3241 3162 3286; x_wconf 91' lang='lat' dir='ltr'><strong>non</strong></span> <span class='ocrx_word' id='word_1_349' title='bbox 3194 3243 3487 3309; x_wconf 89' lang='lat' dir='ltr'><strong>querere</strong></span> <span class='ocrx_word' id='word_1_350' title='bbox 3520 3223 3723 3301; x_wconf 90' lang='lat' dir='ltr'><strong>bona,</strong></span> <span class='ocrx_word' id='word_1_351' title='bbox 3756 3223 3882 3287; x_wconf 89' lang='lat' dir='ltr'><strong>sed</strong></span> <span class='ocrx_word' id='word_1_352' title='bbox 3913 3220 4298 3287; x_wconf 88' lang='lat' dir='ltr'><strong>vindictam</strong></span> <span class='ocrx_word' id='word_1_353' title='bbox 4345 3241 4598 3286; x_wconf 91' lang='lat' dir='ltr'><strong>cruen-</strong></span> <span class='ocrx_word' id='word_1_354' title='bbox 4644 3218 4730 3284; x_wconf 87' lang='lat'><strong>25</strong></span> 
     </span>
     <span class='ocr_line' id='line_1_36' title="bbox 877 3327 3667 3419; baseline -0.001 -21"><span class='ocrx_word' id='word_1_355' title='bbox 877 3344 1136 3398; x_wconf 84' lang='lat' dir='ltr'><strong>tosam:</strong></span> <span class='ocrx_word' id='word_1_356' title='bbox 1185 3330 1276 3395; x_wconf 91' lang='lat' dir='ltr'><strong>de</strong></span> <span class='ocrx_word' id='word_1_357' title='bbox 1322 3348 1461 3415; x_wconf 94' lang='lat' dir='ltr'><strong>quo</strong></span> <span class='ocrx_word' id='word_1_358' title='bbox 1509 3327 1939 3395; x_wconf 85' lang='lat' dir='ltr'><strong>collaudatus</strong></span> <span class='ocrx_word' id='word_1_359' title='bbox 1985 3328 2140 3395; x_wconf 82' lang='lat' dir='ltr'><strong>fuit.</strong></span> <span class='ocrx_word' id='word_1_360' title='bbox 2234 3329 2324 3394; x_wconf 92' lang='lat' dir='ltr'><strong>Et</strong></span> <span class='ocrx_word' id='word_1_361' title='bbox 2368 3329 2503 3394; x_wconf 90' lang='lat' dir='ltr'><strong>hoc</strong></span> <span class='ocrx_word' id='word_1_362' title='bbox 2549 3329 2688 3393; x_wconf 81' lang='lat' dir='ltr'><strong>fuit</strong></span> <span class='ocrx_word' id='word_1_363' title='bbox 2733 3328 2924 3394; x_wconf 88' lang='lat' dir='ltr'><strong>aliud</strong></span> <span class='ocrx_word' id='word_1_364' title='bbox 2972 3329 3279 3394; x_wconf 89' lang='lat' dir='ltr'><strong>divinum</strong></span> <span class='ocrx_word' id='word_1_365' title='bbox 3326 3329 3667 3419; x_wconf 83' lang='lat' dir='ltr'><strong>juditium.</strong></span> 
     </span>
    </p>

    <p class='ocr_par' dir='ltr' id='par_1_16' title="bbox 876 3434 4729 4997">
     <span class='ocr_line' id='line_1_37' title="bbox 1057 3434 4601 3514; baseline 0 -14"><span class='ocrx_word' id='word_1_366' title='bbox 1057 3435 1376 3502; x_wconf 82' lang='lat' dir='ltr'><strong>Accessit</strong></span> <span class='ocrx_word' id='word_1_367' title='bbox 1419 3435 1556 3502; x_wconf 90' lang='lat' dir='ltr'><strong>hoc</strong></span> <span class='ocrx_word' id='word_1_368' title='bbox 1604 3436 1838 3503; x_wconf 90' lang='lat' dir='ltr'><strong>medio</strong></span> <span class='ocrx_word' id='word_1_369' title='bbox 1888 3436 2116 3502; x_wconf 90' lang='lat' dir='ltr'><strong>dictus</strong></span> <span class='ocrx_word' id='word_1_370' title='bbox 2162 3435 2479 3501; x_wconf 85' lang='lat' dir='ltr'><strong>dominus</strong></span> <span class='ocrx_word' id='word_1_371' title='bbox 2523 3435 2890 3501; x_wconf 89' lang='lat' dir='ltr'><strong>Tristanus</strong></span> <span class='ocrx_word' id='word_1_372' title='bbox 2934 3434 3434 3514; x_wconf 89' lang='lat' dir='ltr'><strong>Mediolanum,</strong></span> <span class='ocrx_word' id='word_1_373' title='bbox 3484 3436 3906 3502; x_wconf 86' lang='lat' dir='ltr'><strong>notificando</strong></span> <span class='ocrx_word' id='word_1_374' title='bbox 3952 3436 4078 3502; x_wconf 86' lang='lat' dir='ltr'><strong>has</strong></span> <span class='ocrx_word' id='word_1_375' title='bbox 4123 3438 4464 3502; x_wconf 88' lang='lat' dir='ltr'><strong>novitates</strong></span> <span class='ocrx_word' id='word_1_376' title='bbox 4527 3446 4601 3501; x_wconf 92' lang='lat' dir='ltr'><strong>et</strong></span> 
     </span>
     <span class='ocr_line' id='line_1_38' title="bbox 878 3540 4592 3631; baseline -0.001 -20"><span class='ocrx_word' id='word_1_377' title='bbox 878 3544 1351 3611; x_wconf 77' lang='lat' dir='ltr'><strong>discensiones</strong></span> <span class='ocrx_word' id='word_1_378' title='bbox 1398 3542 1675 3610; x_wconf 91' lang='lat' dir='ltr'><strong>domine</strong></span> <span class='ocrx_word' id='word_1_379' title='bbox 1722 3543 1990 3609; x_wconf 90' lang='lat' dir='ltr'><strong>ducisse</strong></span> <span class='ocrx_word' id='word_1_380' title='bbox 2037 3554 2106 3609; x_wconf 91' lang='lat' dir='ltr'><strong>et</strong></span> <span class='ocrx_word' id='word_1_381' title='bbox 2150 3543 2444 3609; x_wconf 88' lang='lat' dir='ltr'><strong>maxime</strong></span> <span class='ocrx_word' id='word_1_382' title='bbox 2495 3543 2686 3631; x_wconf 92' lang='lat' dir='ltr'><strong>quod</strong></span> <span class='ocrx_word' id='word_1_383' title='bbox 2732 3540 3098 3629; x_wconf 87' lang='lat' dir='ltr'><strong>generalis&#39;</strong></span> <span class='ocrx_word' id='word_1_384' title='bbox 3147 3565 3284 3629; x_wconf 86' lang='lat' dir='ltr'><strong>pax</strong></span> <span class='ocrx_word' id='word_1_385' title='bbox 3330 3564 3458 3610; x_wconf 93' lang='lat' dir='ltr'><strong>nec</strong></span> <span class='ocrx_word' id='word_1_386' title='bbox 3505 3554 3654 3609; x_wconf 91' lang='lat' dir='ltr'><strong>tuta</strong></span> <span class='ocrx_word' id='word_1_387' title='bbox 3698 3544 3890 3609; x_wconf 81' lang='lat' dir='ltr'><strong>facta</strong></span> <span class='ocrx_word' id='word_1_388' title='bbox 3935 3544 4186 3622; x_wconf 80' lang='lat' dir='ltr'><strong>fuerat,</strong></span> <span class='ocrx_word' id='word_1_389' title='bbox 4242 3565 4375 3610; x_wconf 91' lang='lat' dir='ltr'><strong>nec</strong></span> <span class='ocrx_word' id='word_1_390' title='bbox 4441 3543 4592 3608; x_wconf 93' lang='lat' dir='ltr'><strong>fieri</strong></span> 
     </span>
     <span class='ocr_line' id='line_1_39' title="bbox 877 3648 4600 3738; baseline -0.001 -21"><span class='ocrx_word' id='word_1_391' title='bbox 877 3661 1173 3738; x_wconf 87' lang='lat' dir='ltr'><strong>poterat,</strong></span> <span class='ocrx_word' id='word_1_392' title='bbox 1235 3650 1368 3714; x_wconf 89' lang='lat' dir='ltr'><strong>nisi</strong></span> <span class='ocrx_word' id='word_1_393' title='bbox 1429 3648 1615 3715; x_wconf 85' lang='lat' dir='ltr'><strong>bona</strong></span> <span class='ocrx_word' id='word_1_394' title='bbox 1674 3660 2269 3715; x_wconf 90' lang='lat' dir='ltr'><strong>sacomanatorum</strong></span> <span class='ocrx_word' id='word_1_395' title='bbox 2317 3649 2863 3728; x_wconf 88' lang='lat' dir='ltr'><strong>restituerentur,</strong></span> <span class='ocrx_word' id='word_1_396' title='bbox 2911 3649 3001 3715; x_wconf 91' lang='lat' dir='ltr'><strong>ad</strong></span> <span class='ocrx_word' id='word_1_397' title='bbox 3046 3671 3252 3737; x_wconf 89' lang='lat' dir='ltr'><strong>quam</strong></span> <span class='ocrx_word' id='word_1_398' title='bbox 3299 3650 3802 3716; x_wconf 88' lang='lat' dir='ltr'><strong>restitutionem</strong></span> <span class='ocrx_word' id='word_1_399' title='bbox 3835 3649 4219 3716; x_wconf 86' lang='lat' dir='ltr'><strong>obstabant</strong></span> <span class='ocrx_word' id='word_1_400' title='bbox 4272 3650 4600 3715; x_wconf 89' lang='lat' dir='ltr'><strong>dominus</strong></span> 
     </span>
     <span class='ocr_line' id='line_1_40' title="bbox 881 3753 4729 3843; baseline -0.001 -19"><span class='ocrx_word' id='word_1_401' title='bbox 881 3756 1234 3824; x_wconf 82' lang='lat' dir='ltr'><strong>Robertus</strong></span> <span class='ocrx_word' id='word_1_402' title='bbox 1276 3776 1365 3821; x_wconf 89' lang='lat' dir='ltr'><strong>ex</strong></span> <span class='ocrx_word' id='word_1_403' title='bbox 1411 3753 1670 3822; x_wconf 91' lang='lat' dir='ltr'><strong>Sancto</strong></span> <span class='ocrx_word' id='word_1_404' title='bbox 1721 3755 2077 3834; x_wconf 90' lang='lat' dir='ltr'><strong>Severino,</strong></span> <span class='ocrx_word' id='word_1_405' title='bbox 2124 3756 2378 3821; x_wconf 78' lang='lat' dir='ltr'><strong>fratres</strong></span> <span class='ocrx_word' id='word_1_406' title='bbox 2425 3755 2597 3821; x_wconf 90' lang='lat' dir='ltr'><strong>dicti</strong></span> <span class='ocrx_word' id='word_1_407' title='bbox 2644 3756 2993 3843; x_wconf 91' lang='lat' dir='ltr'><strong>quondam</strong></span> <span class='ocrx_word' id='word_1_408' title='bbox 3019 3755 3235 3822; x_wconf 76' lang='lat' dir='ltr'><strong>,ducis</strong></span> <span class='ocrx_word' id='word_1_409' title='bbox 3281 3755 3541 3822; x_wconf 85' lang='lat' dir='ltr'><strong>Galeaz</strong></span> <span class='ocrx_word' id='word_1_410' title='bbox 3594 3768 3665 3822; x_wconf 92' lang='lat' dir='ltr'><strong>et</strong></span> <span class='ocrx_word' id='word_1_411' title='bbox 3711 3756 4028 3821; x_wconf 91' lang='lat' dir='ltr'><strong>dominus</strong></span> <span class='ocrx_word' id='word_1_412' title='bbox 4088 3756 4447 3843; x_wconf 90' lang='lat' dir='ltr'><strong>Johannes</strong></span> <span class='ocrx_word' id='word_1_413' title='bbox 4508 3756 4598 3820; x_wconf 91' lang='lat' dir='ltr'><strong>de</strong></span> <span class='ocrx_word' id='word_1_414' title='bbox 4641 3757 4729 3819; x_wconf 90' lang='grc'><strong>30</strong></span> 
     </span>
     <span class='ocr_line' id='line_1_41' title="bbox 878 3861 4593 3951; baseline -0.001 -20"><span class='ocrx_word' id='word_1_415' title='bbox 878 3863 1239 3951; x_wconf 90' lang='lat' dir='ltr'><strong>Scipiono,</strong></span> <span class='ocrx_word' id='word_1_416' title='bbox 1286 3863 1405 3949; x_wconf 91' lang='lat' dir='ltr'><strong>qui</strong></span> <span class='ocrx_word' id='word_1_417' title='bbox 1452 3873 1650 3928; x_wconf 90' lang='lat' dir='ltr'><strong>erant</strong></span> <span class='ocrx_word' id='word_1_418' title='bbox 1696 3861 2007 3947; x_wconf 88' lang='lat' dir='ltr'><strong>deputati</strong></span> <span class='ocrx_word' id='word_1_419' title='bbox 2053 3863 2144 3928; x_wconf 90' lang='lat' dir='ltr'><strong>ad</strong></span> <span class='ocrx_word' id='word_1_420' title='bbox 2193 3862 2554 3928; x_wconf 88' lang='lat' dir='ltr'><strong>consilium</strong></span> <span class='ocrx_word' id='word_1_421' title='bbox 2601 3861 2953 3950; x_wconf 87' lang='lat' dir='ltr'><strong>regiminis</strong></span> <span class='ocrx_word' id='word_1_422' title='bbox 2998 3874 3212 3929; x_wconf 87' lang='lat' dir='ltr'><strong>status</strong></span> <span class='ocrx_word' id='word_1_423' title='bbox 3259 3862 3648 3929; x_wconf 89' lang='lat' dir='ltr'><strong>Mediolani</strong></span> <span class='ocrx_word' id='word_1_424' title='bbox 3679 3875 3750 3928; x_wconf 93' lang='lat' dir='ltr'><strong>et</strong></span> <span class='ocrx_word' id='word_1_425' title='bbox 3781 3874 3960 3930; x_wconf 87' lang='lat' dir='ltr'><strong>totto</strong></span> <span class='ocrx_word' id='word_1_426' title='bbox 4006 3883 4207 3949; x_wconf 87' lang='lat' dir='ltr'><strong>posse</strong></span> <span class='ocrx_word' id='word_1_427' title='bbox 4256 3861 4593 3928; x_wconf 83' lang='lat' dir='ltr'><strong>favebant</strong></span> 
     </span>
     <span class='ocr_line' id='line_1_42' title="bbox 879 3967 4593 4057; baseline -0.001 -21"><span class='ocrx_word' id='word_1_428' title='bbox 879 3970 1099 4037; x_wconf 89' lang='lat' dir='ltr'><strong>tribus</strong></span> <span class='ocrx_word' id='word_1_429' title='bbox 1145 3968 1479 4057; x_wconf 89' lang='lat' dir='ltr'><strong>squadris.</strong></span> <span class='ocrx_word' id='word_1_430' title='bbox 1570 3967 1904 4034; x_wconf 78' lang='lat' dir='ltr'><strong>Prefacta</strong></span> <span class='ocrx_word' id='word_1_431' title='bbox 1949 3970 2234 4034; x_wconf 90' lang='lat' dir='ltr'><strong>domina</strong></span> <span class='ocrx_word' id='word_1_432' title='bbox 2280 3969 2570 4047; x_wconf 86' lang='lat' dir='ltr'><strong>ducissa,</strong></span> <span class='ocrx_word' id='word_1_433' title='bbox 2632 3967 2869 4035; x_wconf 89' lang='lat' dir='ltr'><strong>habito</strong></span> <span class='ocrx_word' id='word_1_434' title='bbox 2930 3989 3307 4055; x_wconf 91' lang='lat' dir='ltr'><strong>paucorum</strong></span> <span class='ocrx_word' id='word_1_435' title='bbox 3370 3981 3440 4035; x_wconf 89' lang='lat' dir='ltr'><strong>et</strong></span> <span class='ocrx_word' id='word_1_436' title='bbox 3492 3980 3843 4036; x_wconf 90' lang='lat' dir='ltr'><strong>rectorum</strong></span> <span class='ocrx_word' id='word_1_437' title='bbox 3907 3969 4214 4035; x_wconf 89' lang='lat' dir='ltr'><strong>virorum</strong></span> <span class='ocrx_word' id='word_1_438' title='bbox 4277 3968 4593 4046; x_wconf 90' lang='lat' dir='ltr'><strong>consili0,</strong></span> 
     </span>
     <span class='ocr_line' id='line_1_43' title="bbox 885 4073 4594 4165; baseline -0.001 -22"><span class='ocrx_word' id='word_1_439' title='bbox 885 4076 1162 4163; x_wconf 88' lang='lat' dir='ltr'><strong>scripsit</strong></span> <span class='ocrx_word' id='word_1_440' title='bbox 1207 4075 1575 4165; x_wconf 86' lang='lat' dir='ltr'><strong>magnifico</strong></span> <span class='ocrx_word' id='word_1_441' title='bbox 1621 4074 1901 4140; x_wconf 92' lang='lat' dir='ltr'><strong>domino</strong></span> <span class='ocrx_word' id='word_1_442' title='bbox 1948 4075 2374 4141; x_wconf 88' lang='lat' dir='ltr'><strong>Petromarie</strong></span> <span class='ocrx_word' id='word_1_443' title='bbox 2421 4076 2511 4140; x_wconf 93' lang='lat' dir='ltr'><strong>de</strong></span> <span class='ocrx_word' id='word_1_444' title='bbox 2556 4073 2847 4154; x_wconf 80' lang='lat' dir='ltr'><strong>Rubeis,</strong></span> <span class='ocrx_word' id='word_1_445' title='bbox 2895 4075 3083 4161; x_wconf 89' lang='lat' dir='ltr'><strong>quod</strong></span> <span class='ocrx_word' id='word_1_446' title='bbox 3127 4077 3431 4142; x_wconf 88' lang='lat' dir='ltr'><strong>mitteret</strong></span> <span class='ocrx_word' id='word_1_447' title='bbox 3465 4074 3568 4141; x_wconf 78' lang='lat' dir='ltr'><strong>,ad</strong></span> <span class='ocrx_word' id='word_1_448' title='bbox 3617 4097 3769 4141; x_wconf 90' lang='lat' dir='ltr'><strong>eam</strong></span> <span class='ocrx_word' id='word_1_449' title='bbox 3832 4099 4043 4141; x_wconf 90' lang='lat' dir='ltr'><strong>unum</strong></span> <span class='ocrx_word' id='word_1_450' title='bbox 4092 4097 4178 4140; x_wconf 88' lang='lat' dir='ltr'><strong>ex</strong></span> <span class='ocrx_word' id='word_1_451' title='bbox 4223 4074 4365 4140; x_wconf 90' lang='lat' dir='ltr'><strong>suis</strong></span> <span class='ocrx_word' id='word_1_452' title='bbox 4424 4075 4594 4140; x_wconf 91' lang='lat' dir='ltr'><strong>fide-</strong></span> 
     </span>
     <span class='ocr_line' id='line_1_44' title="bbox 878 4178 4593 4268; baseline -0.001 -19"><span class='ocrx_word' id='word_1_453' title='bbox 878 4183 1064 4251; x_wconf 88' lang='lat' dir='ltr'><strong>libus</strong></span> <span class='ocrx_word' id='word_1_454' title='bbox 1108 4202 1239 4268; x_wconf 90' lang='lat' dir='ltr'><strong>pro</strong></span> <span class='ocrx_word' id='word_1_455' title='bbox 1285 4181 1774 4249; x_wconf 87' lang='lat' dir='ltr'><strong>concludenda</strong></span> <span class='ocrx_word' id='word_1_456' title='bbox 1817 4202 2026 4266; x_wconf 81' lang='lat' dir='ltr'><strong>pace3</strong></span> <span class='ocrx_word' id='word_1_457' title='bbox 2075 4182 2167 4247; x_wconf 90' lang='lat' dir='ltr'><strong>ad</strong></span> <span class='ocrx_word' id='word_1_458' title='bbox 2212 4201 2418 4268; x_wconf 91' lang='lat' dir='ltr'><strong>quam</strong></span> <span class='ocrx_word' id='word_1_459' title='bbox 2481 4181 2727 4246; x_wconf 86' lang='lat' dir='ltr'><strong>missus</strong></span> <span class='ocrx_word' id='word_1_460' title='bbox 2789 4191 2889 4246; x_wconf 93' lang='lat' dir='ltr'><strong>est</strong></span> <span class='ocrx_word' id='word_1_461' title='bbox 2933 4178 3255 4248; x_wconf 88' lang='lat' dir='ltr'><strong>Andreas</strong></span> <span class='ocrx_word' id='word_1_462' title='bbox 3314 4181 3666 4260; x_wconf 89' lang='lat' dir='ltr'><strong>Mazocus,</strong></span> <span class='ocrx_word' id='word_1_463' title='bbox 3727 4203 3906 4247; x_wconf 89' lang='lat' dir='ltr'><strong>unus</strong></span> <span class='ocrx_word' id='word_1_464' title='bbox 3965 4201 4054 4246; x_wconf 90' lang='lat' dir='ltr'><strong>ex</strong></span> <span class='ocrx_word' id='word_1_465' title='bbox 4113 4181 4593 4247; x_wconf 88' lang='lat' dir='ltr'><strong>sacomanatis.</strong></span> 
     </span>
     <span class='ocr_line' id='line_1_45' title="bbox 881 4286 4722 4377; baseline -0.002 -21"><span class='ocrx_word' id='word_1_466' title='bbox 881 4292 1206 4357; x_wconf 91' lang='lat' dir='ltr'><strong>Tandem</strong></span> <span class='ocrx_word' id='word_1_467' title='bbox 1261 4288 1544 4355; x_wconf 92' lang='lat' dir='ltr'><strong>domina</strong></span> <span class='ocrx_word' id='word_1_468' title='bbox 1588 4289 1867 4353; x_wconf 90' lang='lat' dir='ltr'><strong>ducissa</strong></span> <span class='ocrx_word' id='word_1_469' title='bbox 1910 4309 2039 4375; x_wconf 92' lang='lat' dir='ltr'><strong>pro</strong></span> <span class='ocrx_word' id='word_1_470' title='bbox 2096 4287 2423 4353; x_wconf 90' lang='lat' dir='ltr'><strong>sedandis</strong></span> <span class='ocrx_word' id='word_1_471' title='bbox 2483 4287 2588 4352; x_wconf 87' lang='lat' dir='ltr'><strong>his</strong></span> <span class='ocrx_word' id='word_1_472' title='bbox 2650 4287 3212 4354; x_wconf 88' lang='lat' dir='ltr'><strong>altercationibus</strong></span> <span class='ocrx_word' id='word_1_473' title='bbox 3257 4287 3474 4353; x_wconf 90' lang='lat' dir='ltr'><strong>voluit</strong></span> <span class='ocrx_word' id='word_1_474' title='bbox 3527 4288 3679 4354; x_wconf 91' lang='lat' dir='ltr'><strong>fieri</strong></span> <span class='ocrx_word' id='word_1_475' title='bbox 3723 4308 3971 4374; x_wconf 91' lang='lat' dir='ltr'><strong>pacem</strong></span> <span class='ocrx_word' id='word_1_476' title='bbox 4033 4286 4458 4377; x_wconf 88' lang='lat' dir='ltr'><strong>generalem,</strong></span> <span class='ocrx_word' id='word_1_477' title='bbox 4524 4300 4593 4352; x_wconf 89' lang='lat' dir='ltr'><strong>et</strong></span> <span class='ocrx_word' id='word_1_478' title='bbox 4640 4287 4722 4352; x_wconf 83' lang='lat'><strong>35</strong></span> 
     </span>
     <span class='ocr_line' id='line_1_46' title="bbox 876 4393 4592 4484; baseline -0.001 -21"><span class='ocrx_word' id='word_1_479' title='bbox 876 4420 1004 4484; x_wconf 91' lang='lat' dir='ltr'><strong>per</strong></span> <span class='ocrx_word' id='word_1_480' title='bbox 1054 4398 1315 4464; x_wconf 88' lang='lat' dir='ltr'><strong>litteras</strong></span> <span class='ocrx_word' id='word_1_481' title='bbox 1360 4418 1518 4462; x_wconf 88' lang='lat' dir='ltr'><strong>suas</strong></span> <span class='ocrx_word' id='word_1_482' title='bbox 1562 4407 1878 4483; x_wconf 87' lang='lat' dir='ltr'><strong>patentes</strong></span> <span class='ocrx_word' id='word_1_483' title='bbox 1921 4395 2281 4480; x_wconf 88' lang='lat' dir='ltr'><strong>promissit,</strong></span> <span class='ocrx_word' id='word_1_484' title='bbox 2330 4396 2519 4482; x_wconf 90' lang='lat' dir='ltr'><strong>quod</strong></span> <span class='ocrx_word' id='word_1_485' title='bbox 2565 4396 2752 4461; x_wconf 83' lang='lat' dir='ltr'><strong>infra</strong></span> <span class='ocrx_word' id='word_1_486' title='bbox 2795 4418 3006 4460; x_wconf 91' lang='lat' dir='ltr'><strong>unum</strong></span> <span class='ocrx_word' id='word_1_487' title='bbox 3054 4417 3310 4462; x_wconf 91' lang='lat' dir='ltr'><strong>annum</strong></span> <span class='ocrx_word' id='word_1_488' title='bbox 3352 4395 3740 4481; x_wconf 88' lang='lat' dir='ltr'><strong>proximum</strong></span> <span class='ocrx_word' id='word_1_489' title='bbox 3787 4393 3975 4460; x_wconf 87' lang='lat' dir='ltr'><strong>bona</strong></span> <span class='ocrx_word' id='word_1_490' title='bbox 4005 4408 4455 4461; x_wconf 89' lang='lat' dir='ltr'><strong>sacomanata</strong></span> <span class='ocrx_word' id='word_1_491' title='bbox 4485 4395 4592 4459; x_wconf 92' lang='lat' dir='ltr'><strong>in-</strong></span> 
     </span>
     <span class='ocr_line' id='line_1_47' title="bbox 879 4502 4595 4592; baseline -0.001 -22"><span class='ocrx_word' id='word_1_492' title='bbox 879 4517 1076 4592; x_wconf 89' lang='lat' dir='ltr'><strong>tegre</strong></span> <span class='ocrx_word' id='word_1_493' title='bbox 1123 4503 1679 4580; x_wconf 80' lang='lat' dir='ltr'><strong>restituerentur3</strong></span> <span class='ocrx_word' id='word_1_494' title='bbox 1727 4515 1846 4569; x_wconf 93' lang='lat' dir='ltr'><strong>aut</strong></span> <span class='ocrx_word' id='word_1_495' title='bbox 1892 4503 2455 4569; x_wconf 89' lang='lat' dir='ltr'><strong>emendarentur:</strong></span> <span class='ocrx_word' id='word_1_496' title='bbox 2507 4515 2576 4569; x_wconf 92' lang='lat' dir='ltr'><strong>et</strong></span> <span class='ocrx_word' id='word_1_497' title='bbox 2622 4504 2711 4570; x_wconf 89' lang='lat' dir='ltr'><strong>ad</strong></span> <span class='ocrx_word' id='word_1_498' title='bbox 2756 4503 2893 4569; x_wconf 90' lang='lat' dir='ltr'><strong>hoc</strong></span> <span class='ocrx_word' id='word_1_499' title='bbox 2942 4503 3130 4590; x_wconf 92' lang='lat' dir='ltr'><strong>quod</strong></span> <span class='ocrx_word' id='word_1_500' title='bbox 3176 4502 3363 4568; x_wconf 80' lang='lat' dir='ltr'><strong>infra</strong></span> <span class='ocrx_word' id='word_1_501' title='bbox 3408 4514 3700 4590; x_wconf 90' lang='lat' dir='ltr'><strong>quatuor</strong></span> <span class='ocrx_word' id='word_1_502' title='bbox 3746 4524 4020 4568; x_wconf 90' lang='lat' dir='ltr'><strong>menses</strong></span> <span class='ocrx_word' id='word_1_503' title='bbox 4068 4504 4355 4568; x_wconf 90' lang='lat' dir='ltr'><strong>daretur</strong></span> <span class='ocrx_word' id='word_1_504' title='bbox 4399 4502 4595 4588; x_wconf 91' lang='lat' dir='ltr'><strong>prin-</strong></span> 
     </span>
     <span class='ocr_line' id='line_1_48' title="bbox 885 4608 4590 4698; baseline -0.001 -22"><span class='ocrx_word' id='word_1_505' title='bbox 885 4611 1178 4698; x_wconf 89' lang='lat' dir='ltr'><strong>cipium;</strong></span> <span class='ocrx_word' id='word_1_506' title='bbox 1228 4609 1431 4675; x_wconf 89' lang='lat' dir='ltr'><strong>aliter</strong></span> <span class='ocrx_word' id='word_1_507' title='bbox 1475 4612 1667 4697; x_wconf 92' lang='lat' dir='ltr'><strong>quod</strong></span> <span class='ocrx_word' id='word_1_508' title='bbox 1710 4610 1863 4694; x_wconf 91' lang='lat' dir='ltr'><strong>ipsa</strong></span> <span class='ocrx_word' id='word_1_509' title='bbox 1910 4610 1998 4675; x_wconf 90' lang='lat' dir='ltr'><strong>de</strong></span> <span class='ocrx_word' id='word_1_510' title='bbox 2045 4629 2168 4674; x_wconf 87' lang='lat' dir='ltr'><strong>suo</strong></span> <span class='ocrx_word' id='word_1_511' title='bbox 2216 4610 2501 4695; x_wconf 90' lang='lat' dir='ltr'><strong>proprio</strong></span> <span class='ocrx_word' id='word_1_512' title='bbox 2550 4609 3005 4676; x_wconf 82' lang='lat' dir='ltr'><strong>satisfaceret.</strong></span> <span class='ocrx_word' id='word_1_513' title='bbox 3097 4609 3566 4696; x_wconf 89' lang='lat' dir='ltr'><strong>Remissitque</strong></span> <span class='ocrx_word' id='word_1_514' title='bbox 3600 4610 3847 4675; x_wconf 89' lang='lat' dir='ltr'><strong>iterum</strong></span> <span class='ocrx_word' id='word_1_515' title='bbox 3879 4608 4201 4675; x_wconf 89' lang='lat' dir='ltr'><strong>Parmam</strong></span> <span class='ocrx_word' id='word_1_516' title='bbox 4236 4609 4590 4676; x_wconf 90' lang='lat' dir='ltr'><strong>dominum</strong></span> 
     </span>
     <span class='ocr_line' id='line_1_49' title="bbox 878 4713 4595 4802; baseline 0 -20"><span class='ocrx_word' id='word_1_517' title='bbox 878 4716 1281 4782; x_wconf 88' lang='lat' dir='ltr'><strong>Tristanum</strong></span> <span class='ocrx_word' id='word_1_518' title='bbox 1328 4736 1456 4802; x_wconf 90' lang='lat' dir='ltr'><strong>pro</strong></span> <span class='ocrx_word' id='word_1_519' title='bbox 1503 4715 1950 4783; x_wconf 89' lang='lat' dir='ltr'><strong>conclusione</strong></span> <span class='ocrx_word' id='word_1_520' title='bbox 1994 4714 2195 4780; x_wconf 90' lang='lat' dir='ltr'><strong>huius</strong></span> <span class='ocrx_word' id='word_1_521' title='bbox 2242 4717 2454 4800; x_wconf 88' lang='lat' dir='ltr'><strong>pacis.</strong></span> <span class='ocrx_word' id='word_1_522' title='bbox 2548 4716 2634 4781; x_wconf 88' lang='lat' dir='ltr'><strong>Et</strong></span> <span class='ocrx_word' id='word_1_523' title='bbox 2680 4716 2844 4782; x_wconf 91' lang='lat' dir='ltr'><strong>dum</strong></span> <span class='ocrx_word' id='word_1_524' title='bbox 2903 4718 3038 4782; x_wconf 89' lang='lat' dir='ltr'><strong>hec</strong></span> <span class='ocrx_word' id='word_1_525' title='bbox 3102 4727 3567 4781; x_wconf 89' lang='lat' dir='ltr'><strong>tractarentur</strong></span> <span class='ocrx_word' id='word_1_526' title='bbox 3609 4715 4014 4793; x_wconf 90' lang='lat' dir='ltr'><strong>Mediolani,</strong></span> <span class='ocrx_word' id='word_1_527' title='bbox 4063 4713 4381 4782; x_wconf 90' lang='lat' dir='ltr'><strong>dominus</strong></span> <span class='ocrx_word' id='word_1_528' title='bbox 4441 4715 4595 4782; x_wconf 90' lang='lat' dir='ltr'><strong>Ro-</strong></span> 
     </span>
     <span class='ocr_line' id='line_1_50' title="bbox 880 4821 4721 4916; baseline -0.001 -26"><span class='ocrx_word' id='word_1_529' title='bbox 880 4824 1115 4916; x_wconf 78' lang='lat' dir='ltr'><strong>bertus</strong></span> <span class='ocrx_word' id='word_1_530' title='bbox 1160 4843 1247 4888; x_wconf 90' lang='lat' dir='ltr'><strong>ex</strong></span> <span class='ocrx_word' id='word_1_531' title='bbox 1294 4822 1553 4889; x_wconf 91' lang='lat' dir='ltr'><strong>Sancto</strong></span> <span class='ocrx_word' id='word_1_532' title='bbox 1602 4821 1938 4889; x_wconf 90' lang='lat' dir='ltr'><strong>Severino</strong></span> <span class='ocrx_word' id='word_1_533' title='bbox 1987 4821 2291 4888; x_wconf 90' lang='lat' dir='ltr'><strong>deviavit</strong></span> <span class='ocrx_word' id='word_1_534' title='bbox 2335 4844 2476 4888; x_wconf 89' lang='lat' dir='ltr'><strong>una</strong></span> <span class='ocrx_word' id='word_1_535' title='bbox 2521 4842 2678 4888; x_wconf 92' lang='lat' dir='ltr'><strong>com</strong></span> <span class='ocrx_word' id='word_1_536' title='bbox 2724 4822 3189 4908; x_wconf 80' lang='lat' dir='ltr'><strong>infrascriptis</strong></span> <span class='ocrx_word' id='word_1_537' title='bbox 3235 4844 3277 4888; x_wconf 98' lang='lat' dir='ltr'><strong>a</strong></span> <span class='ocrx_word' id='word_1_538' title='bbox 3336 4822 3473 4889; x_wconf 92' lang='lat' dir='ltr'><strong>fide</strong></span> <span class='ocrx_word' id='word_1_539' title='bbox 3520 4834 3736 4889; x_wconf 89' lang='lat' dir='ltr'><strong>status</strong></span> <span class='ocrx_word' id='word_1_540' title='bbox 3797 4821 4207 4899; x_wconf 89' lang='lat' dir='ltr'><strong>Mediolani,</strong></span> <span class='ocrx_word' id='word_1_541' title='bbox 4268 4834 4344 4889; x_wconf 93' lang='lat' dir='ltr'><strong>ut</strong></span> <span class='ocrx_word' id='word_1_542' title='bbox 4405 4823 4592 4887; x_wconf 80' lang='lat' dir='ltr'><strong>infra</strong></span> <span class='ocrx_word' id='word_1_543' title='bbox 4639 4824 4721 4886; x_wconf 79' lang='lat'><strong>40</strong></span> 
     </span>
     <span class='ocr_line' id='line_1_51' title="bbox 881 4929 1175 4997; baseline 0.003 -1"><span class='ocrx_word' id='word_1_544' title='bbox 881 4929 1175 4997; x_wconf 91' lang='lat' dir='ltr'><strong>dicetur.</strong></span> 
     </span>
    </p>

    <p class='ocr_par' dir='ltr' id='par_1_17' title="bbox 877 5034 4716 5770">
     <span class='ocr_line' id='line_1_52' title="bbox 1057 5034 4591 5127; baseline -0.001 -23"><span class='ocrx_word' id='word_1_545' title='bbox 1057 5037 1326 5104; x_wconf 90' lang='lat' dir='ltr'><strong>Eodem</strong></span> <span class='ocrx_word' id='word_1_546' title='bbox 1375 5055 1561 5103; x_wconf 92' lang='lat' dir='ltr'><strong>anno</strong></span> <span class='ocrx_word' id='word_1_547' title='bbox 1615 5034 1780 5107; x_wconf 85' lang='grc'>1477</span> <span class='ocrx_word' id='word_1_548' title='bbox 1833 5037 1950 5103; x_wconf 88' lang='lat' dir='ltr'><strong>die</strong></span> <span class='ocrx_word' id='word_1_549' title='bbox 1997 5049 2192 5103; x_wconf 89' lang='lat' dir='ltr'><strong>sexta</strong></span> <span class='ocrx_word' id='word_1_550' title='bbox 2237 5035 2490 5103; x_wconf 87' lang='lat' dir='ltr'><strong>mensis</strong></span> <span class='ocrx_word' id='word_1_551' title='bbox 2534 5036 2728 5127; x_wconf 86' lang='lat' dir='ltr'><strong>junij,</strong></span> <span class='ocrx_word' id='word_1_552' title='bbox 2777 5037 3182 5105; x_wconf 90' lang='lat' dir='ltr'><strong>convocatis</strong></span> <span class='ocrx_word' id='word_1_553' title='bbox 3245 5038 3316 5102; x_wconf 92' lang='lat' dir='ltr'><strong>in</strong></span> <span class='ocrx_word' id='word_1_554' title='bbox 3378 5037 3674 5104; x_wconf 89' lang='lat' dir='ltr'><strong>ecclesia</strong></span> <span class='ocrx_word' id='word_1_555' title='bbox 3735 5036 3981 5103; x_wconf 88' lang='lat' dir='ltr'><strong>maiori</strong></span> <span class='ocrx_word' id='word_1_556' title='bbox 4042 5034 4293 5102; x_wconf 91' lang='lat' dir='ltr'><strong>Parme</strong></span> <span class='ocrx_word' id='word_1_557' title='bbox 4354 5056 4591 5102; x_wconf 90' lang='lat' dir='ltr'><strong>coram</strong></span> 
     </span>
     <span class='ocr_line' id='line_1_53' title="bbox 877 5142 4594 5231; baseline 0 -22"><span class='ocrx_word' id='word_1_558' title='bbox 877 5144 1200 5230; x_wconf 80' lang='lat' dir='ltr'><strong>prefacto</strong></span> <span class='ocrx_word' id='word_1_559' title='bbox 1256 5144 1539 5210; x_wconf 90' lang='lat' dir='ltr'><strong>domino</strong></span> <span class='ocrx_word' id='word_1_560' title='bbox 1601 5143 1928 5210; x_wconf 89' lang='lat' dir='ltr'><strong>Tristano</strong></span> <span class='ocrx_word' id='word_1_561' title='bbox 1991 5142 2310 5209; x_wconf 89' lang='lat' dir='ltr'><strong>omnibus</strong></span> <span class='ocrx_word' id='word_1_562' title='bbox 2370 5142 2934 5230; x_wconf 90' lang='lat' dir='ltr'><strong>procuratoribus</strong></span> <span class='ocrx_word' id='word_1_563' title='bbox 2981 5144 3312 5211; x_wconf 91' lang='lat' dir='ltr'><strong>nobilium</strong></span> <span class='ocrx_word' id='word_1_564' title='bbox 3361 5157 3653 5231; x_wconf 90' lang='lat' dir='ltr'><strong>quatuor</strong></span> <span class='ocrx_word' id='word_1_565' title='bbox 3715 5145 4164 5231; x_wconf 88' lang='lat' dir='ltr'><strong>squadrarum</strong></span> <span class='ocrx_word' id='word_1_566' title='bbox 4208 5142 4458 5210; x_wconf 92' lang='lat' dir='ltr'><strong>Parme</strong></span> <span class='ocrx_word' id='word_1_567' title='bbox 4523 5156 4594 5209; x_wconf 91' lang='lat' dir='ltr'><strong>et</strong></span> 
     </span>
     <span class='ocr_line' id='line_1_54' title="bbox 889 5237 4585 5339; baseline -0.001 -22"><span class='ocrx_word' id='word_1_568' title='bbox 889 5252 1182 5317; x_wconf 78' lang='lat' dir='ltr'><strong>aliorum</strong></span> <span class='ocrx_word' id='word_1_569' title='bbox 1232 5237 1583 5330; x_wconf 89' lang='lat' dir='ltr'><strong>nobilium,</strong></span> <span class='ocrx_word' id='word_1_570' title='bbox 1631 5263 1856 5317; x_wconf 89' lang='lat' dir='ltr'><strong>castra</strong></span> <span class='ocrx_word' id='word_1_571' title='bbox 1900 5263 1974 5318; x_wconf 88' lang='lat' dir='ltr'><strong>et</strong></span> <span class='ocrx_word' id='word_1_572' title='bbox 2012 5250 2479 5339; x_wconf 86' lang='lat' dir='ltr'><strong>jurisditiones</strong></span> <span class='ocrx_word' id='word_1_573' title='bbox 2522 5251 2596 5316; x_wconf 91' lang='lat' dir='ltr'><strong>in</strong></span> <span class='ocrx_word' id='word_1_574' title='bbox 2641 5251 2997 5316; x_wconf 89' lang='lat' dir='ltr'><strong>Parmensi</strong></span> <span class='ocrx_word' id='word_1_575' title='bbox 3055 5251 3482 5329; x_wconf 89' lang='lat' dir='ltr'><strong>habentium,</strong></span> <span class='ocrx_word' id='word_1_576' title='bbox 3543 5270 3676 5317; x_wconf 90' lang='lat' dir='ltr'><strong>nec</strong></span> <span class='ocrx_word' id='word_1_577' title='bbox 3748 5272 3888 5317; x_wconf 90' lang='lat' dir='ltr'><strong>non</strong></span> <span class='ocrx_word' id='word_1_578' title='bbox 3959 5249 4263 5316; x_wconf 90' lang='lat' dir='ltr'><strong>omnium</strong></span> <span class='ocrx_word' id='word_1_579' title='bbox 4328 5251 4585 5315; x_wconf 87' lang='lat' dir='ltr'><strong>civium</strong></span> 
     </span>
     <span class='ocr_line' id='line_1_55' title="bbox 886 5355 4716 5446; baseline -0.001 -22"><span class='ocrx_word' id='word_1_580' title='bbox 886 5358 1134 5424; x_wconf 91' lang='lat' dir='ltr'><strong>Parme</strong></span> <span class='ocrx_word' id='word_1_581' title='bbox 1185 5359 1272 5425; x_wconf 89' lang='lat' dir='ltr'><strong>de</strong></span> <span class='ocrx_word' id='word_1_582' title='bbox 1323 5357 1635 5424; x_wconf 90' lang='lat' dir='ltr'><strong>omnibus</strong></span> <span class='ocrx_word' id='word_1_583' title='bbox 1680 5359 1993 5444; x_wconf 88' lang='lat' dir='ltr'><strong>squadris</strong></span> <span class='ocrx_word' id='word_1_584' title='bbox 2038 5369 2108 5425; x_wconf 92' lang='lat' dir='ltr'><strong>et</strong></span> <span class='ocrx_word' id='word_1_585' title='bbox 2153 5359 2344 5425; x_wconf 82' lang='lat' dir='ltr'><strong>facto</strong></span> <span class='ocrx_word' id='word_1_586' title='bbox 2390 5359 2743 5438; x_wconf 82' lang='lat' dir='ltr'><strong>mandatO,</strong></span> <span class='ocrx_word' id='word_1_587' title='bbox 2789 5359 2977 5446; x_wconf 89' lang='lat' dir='ltr'><strong>quod</strong></span> <span class='ocrx_word' id='word_1_588' title='bbox 3024 5379 3259 5425; x_wconf 89' lang='lat' dir='ltr'><strong>omnes</strong></span> <span class='ocrx_word' id='word_1_589' title='bbox 3305 5357 3644 5425; x_wconf 87' lang='lat' dir='ltr'><strong>absentati</strong></span> <span class='ocrx_word' id='word_1_590' title='bbox 3694 5379 3734 5422; x_wconf 89' lang='lat' dir='ltr'><strong>a</strong></span> <span class='ocrx_word' id='word_1_591' title='bbox 3789 5357 4092 5437; x_wconf 90' lang='lat' dir='ltr'><strong>civitate,</strong></span> <span class='ocrx_word' id='word_1_592' title='bbox 4152 5370 4590 5425; x_wconf 88' lang='lat' dir='ltr'><strong>reverteren-</strong></span> <span class='ocrx_word' id='word_1_593' title='bbox 4639 5355 4716 5421; x_wconf 81' lang='lat'><strong>45</strong></span> 
     </span>
     <span class='ocr_line' id='line_1_56' title="bbox 883 5464 4588 5554; baseline -0 -24"><span class='ocrx_word' id='word_1_594' title='bbox 883 5477 1016 5543; x_wconf 91' lang='lat' dir='ltr'><strong>tur,</strong></span> <span class='ocrx_word' id='word_1_595' title='bbox 1064 5465 1412 5544; x_wconf 86' lang='lat' dir='ltr'><strong>conclusa,</strong></span> <span class='ocrx_word' id='word_1_596' title='bbox 1461 5466 1648 5532; x_wconf 80' lang='lat' dir='ltr'><strong>facta</strong></span> <span class='ocrx_word' id='word_1_597' title='bbox 1695 5477 1764 5531; x_wconf 94' lang='lat' dir='ltr'><strong>et</strong></span> <span class='ocrx_word' id='word_1_598' title='bbox 1808 5465 2077 5532; x_wconf 91' lang='lat' dir='ltr'><strong>firmata</strong></span> <span class='ocrx_word' id='word_1_599' title='bbox 2122 5466 2253 5532; x_wconf 80' lang='lat' dir='ltr'><strong>fuit</strong></span> <span class='ocrx_word' id='word_1_600' title='bbox 2297 5465 2642 5554; x_wconf 89' lang='lat' dir='ltr'><strong>generalis</strong></span> <span class='ocrx_word' id='word_1_601' title='bbox 2684 5487 2822 5552; x_wconf 89' lang='lat' dir='ltr'><strong>pax</strong></span> <span class='ocrx_word' id='word_1_602' title='bbox 2885 5485 3042 5531; x_wconf 90' lang='lat' dir='ltr'><strong>cum</strong></span> <span class='ocrx_word' id='word_1_603' title='bbox 3107 5466 3361 5532; x_wconf 85' lang='lat' dir='ltr'><strong>debitis</strong></span> <span class='ocrx_word' id='word_1_604' title='bbox 3422 5465 3965 5531; x_wconf 88' lang='lat' dir='ltr'><strong>solemnitatibus</strong></span> <span class='ocrx_word' id='word_1_605' title='bbox 4023 5476 4090 5531; x_wconf 90' lang='lat' dir='ltr'><strong>et</strong></span> <span class='ocrx_word' id='word_1_606' title='bbox 4144 5464 4588 5552; x_wconf 83' lang='lat' dir='ltr'><strong>juramentis3</strong></span> 
     </span>
     <span class='ocr_line' id='line_1_57' title="bbox 880 5571 4592 5661; baseline -0 -25"><span class='ocrx_word' id='word_1_607' title='bbox 880 5571 1433 5659; x_wconf 87' lang='lat' dir='ltr'><strong>promissumque</strong></span> <span class='ocrx_word' id='word_1_608' title='bbox 1480 5571 1617 5637; x_wconf 79' lang='lat' dir='ltr'><strong>fuit</strong></span> <span class='ocrx_word' id='word_1_609' title='bbox 1664 5583 1731 5638; x_wconf 92' lang='lat' dir='ltr'><strong>et</strong></span> <span class='ocrx_word' id='word_1_610' title='bbox 1772 5571 2075 5661; x_wconf 86' lang='lat' dir='ltr'><strong>juratum</strong></span> <span class='ocrx_word' id='word_1_611' title='bbox 2122 5594 2250 5658; x_wconf 92' lang='lat' dir='ltr'><strong>per</strong></span> <span class='ocrx_word' id='word_1_612' title='bbox 2294 5582 2780 5657; x_wconf 90' lang='lat' dir='ltr'><strong>procuratores</strong></span> <span class='ocrx_word' id='word_1_613' title='bbox 2813 5592 2967 5638; x_wconf 91' lang='lat' dir='ltr'><strong>com</strong></span> <span class='ocrx_word' id='word_1_614' title='bbox 3000 5573 3327 5638; x_wconf 90' lang='lat' dir='ltr'><strong>mandato</strong></span> <span class='ocrx_word' id='word_1_615' title='bbox 3359 5571 3627 5657; x_wconf 91' lang='lat' dir='ltr'><strong>spetiali</strong></span> <span class='ocrx_word' id='word_1_616' title='bbox 3657 5572 3862 5638; x_wconf 91' lang='lat' dir='ltr'><strong>trium</strong></span> <span class='ocrx_word' id='word_1_617' title='bbox 3896 5571 4370 5658; x_wconf 88' lang='lat' dir='ltr'><strong>squadrarum,</strong></span> <span class='ocrx_word' id='word_1_618' title='bbox 4402 5572 4592 5657; x_wconf 92' lang='lat' dir='ltr'><strong>quod</strong></span> 
     </span>
     <span class='ocr_line' id='line_1_58' title="bbox 881 5678 4588 5770; baseline 0 -27"><span class='ocrx_word' id='word_1_619' title='bbox 881 5678 1070 5745; x_wconf 80' lang='lat' dir='ltr'><strong>infra</strong></span> <span class='ocrx_word' id='word_1_620' title='bbox 1114 5689 1271 5746; x_wconf 90' lang='lat' dir='ltr'><strong>octo</strong></span> <span class='ocrx_word' id='word_1_621' title='bbox 1318 5679 1469 5746; x_wconf 89' lang='lat' dir='ltr'><strong>dies</strong></span> <span class='ocrx_word' id='word_1_622' title='bbox 1515 5679 2003 5746; x_wconf 90' lang='lat' dir='ltr'><strong>denuntiarent</strong></span> <span class='ocrx_word' id='word_1_623' title='bbox 2046 5700 2308 5758; x_wconf 88' lang='lat' dir='ltr'><strong>omnes,</strong></span> <span class='ocrx_word' id='word_1_624' title='bbox 2358 5699 2533 5766; x_wconf 90' lang='lat' dir='ltr'><strong>quos</strong></span> <span class='ocrx_word' id='word_1_625' title='bbox 2563 5680 2823 5746; x_wconf 89' lang='lat' dir='ltr'><strong>scirent</strong></span> <span class='ocrx_word' id='word_1_626' title='bbox 2849 5678 3169 5745; x_wconf 87' lang='lat' dir='ltr'><strong>habuisse</strong></span> <span class='ocrx_word' id='word_1_627' title='bbox 3201 5681 3289 5746; x_wconf 91' lang='lat' dir='ltr'><strong>de</strong></span> <span class='ocrx_word' id='word_1_628' title='bbox 3320 5679 3521 5746; x_wconf 89' lang='lat' dir='ltr'><strong>bonis</strong></span> <span class='ocrx_word' id='word_1_629' title='bbox 3550 5678 3989 5756; x_wconf 79' lang='lat' dir='ltr'><strong>Rubeorum3</strong></span> <span class='ocrx_word' id='word_1_630' title='bbox 4025 5679 4212 5767; x_wconf 91' lang='lat' dir='ltr'><strong>quod</strong></span> <span class='ocrx_word' id='word_1_631' title='bbox 4241 5680 4588 5770; x_wconf 85' lang='lat' dir='ltr'><strong>juramen-</strong></span> 
     </span>
    </p>
   </div>
   <div class='ocr_carea' id='block_1_14' title="bbox 1056 5918 2204 5990">
    <p class='ocr_par' dir='ltr' id='par_1_18' title="bbox 1056 5918 2204 5990">
     <span class='ocr_line' id='line_1_59' title="bbox 1056 5918 2204 5990; baseline 0.001 -19"><span class='ocrx_word' id='word_1_632' title='bbox 1056 5918 1174 5990; x_wconf 79' lang='lat'><strong>5-6.</strong></span> <span class='ocrx_word' id='word_1_633' title='bbox 1209 5919 1659 5989; x_wconf 79' lang='lat' dir='ltr'><strong>intervenerant]</strong></span> <span class='ocrx_word' id='word_1_634' title='bbox 1698 5924 2054 5974; x_wconf 74' lang='lat' dir='ltr'><strong>interven-ant</strong></span> <span class='ocrx_word' id='word_1_635' title='bbox 2089 5921 2204 5974; x_wconf 82' lang='lat' dir='ltr'><strong>cod.</strong></span> 
     </span>
    </p>
   </div>
  </div>
 </body>
</html>
