4895 7066
24 368 95 515 {b'

307 444 421 522 [A.
457 446 633 511 14⁷⁸
671 442 893 526 aprile]
1496 431 1607 517 IN
1660 432 2185 518 PARTIBUS
2238 429 2876 517 LOMBARDIE
3938 424 4039 511 25

330 597 439 605 -o—
450 598 521 604 ῳ-
532 599 675 605 ------..-
690 598 1425 606 Qmm·.1-m.mummnna
1440 598 1797 606 „mmmmm-..s
1836 598 1913 605 ..a-n·
1998 597 2716 605 nmfflowm-o-——u—-s-—m

308 705 707 774 lebraretur
775 708 1105 775 solemnis
1172 708 1380 775 missa
1422 707 1497 774 in
1542 707 1849 775 ecclesia
1892 716 2132 775 sancte
2176 704 2510 776 Liberate
2575 706 2957 787 Florentie,
3012 706 3104 773 ad
3165 727 3371 794 quam
3433 703 3664 773 dictus
3724 698 4047 771 cardina-

310 811 403 878 lis
448 814 715 893 aderat,
766 835 901 882 nec
945 836 1087 881 non
1134 813 1516 901 complices
1557 813 1666 881 sui
1711 814 1918 881 huius
1961 812 2397 902 proditionis,
2442 812 2565 903 qui
2613 825 2812 882 erant
2869 810 3092 894 multi,
3149 824 3221 880 et
3265 812 3446 881 inter
3505 812 3679 879 alios
3723 810 4044 880 dominus

305 914 623 1002 Jacobus
669 918 760 983 de
803 915 1039 1008 Pacijs
1083 917 1283 983 miles
1327 938 1412 985 ac
1460 917 1631 984 civis
1676 929 1929 1005 potens
1974 928 2047 984 et
2091 917 2210 1005 qui
2256 929 2404 984 erat
2434 917 2539 984 rei
2583 916 2789 984 huius
2834 927 3067 1003 caput,
3099 915 3176 982 in
3207 934 3428 1004 eaque
3475 913 3781 983 ecclesia
3811 914 4046 980 forent

309 1021 489 1088 dicti
532 1023 877 1112 Jullianus
921 1038 992 1092 et
1036 1023 1450 1091 Laurentius
1493 1023 1783 1092 huiusce
1829 1024 2085 1114 negotii
2122 1023 2372 1113 ignari,
2405 1023 2810 1111 audiretque
2841 1022 3120 1090 missam
3151 1022 3350 1091 flexis
3377 1020 3674 1112 genibus
3701 1020 4047 1110 Jullianus

221 1122 261 1189 5
312 1125 497 1212 ipse,
544 1141 873 1216 essetque
920 1149 1228 1196 seorsum
1274 1150 1317 1195 a
1363 1128 1556 1197 dicto
1600 1126 1984 1195 Laurentio
2029 1140 2432 1215 pererrante
2479 1128 2553 1194 in
2597 1126 2919 1206 ecclesia,
2965 1124 3329 1195 insultatus
3363 1126 3496 1193 fuit
3540 1146 3584 1193 a
3630 1124 4046 1214 quibusdam

310 1232 704 1301 satelitibus
749 1256 908 1302 cum
955 1235 1169 1326 gladij
1179 1257 1232 1316 s,
1278 1256 1364 1303 ac
1399 1255 1605 1322 quam
1653 1233 1883 1303 multis
1912 1230 2309 1301 vulneribus
2339 1234 2669 1302 confosus
2711 1233 2905 1301 illico
2949 1232 3296 1321 expiravit
3339 1232 3713 1315 interram
3759 1229 4045 1299 cadens.

306 1338 523 1407 Alter
567 1362 736 1409 vero
782 1341 1065 1411 satelles
1111 1363 1270 1410 com
1316 1343 1626 1431 pugione
1672 1341 1943 1408 irruens
1988 1340 2064 1407 in
2119 1340 2385 1409 dictum
2445 1340 2925 1420 Laurentium,
2984 1340 3178 1407 illum
3225 1339 3303 1406 in
3346 1350 3596 1431 guture
3653 1336 4048 1406 vulneravit

308 1467 457 1512 uno
507 1447 801 1515 vulnere
847 1468 986 1516 non
1032 1460 1267 1516 tamen
1312 1449 1527 1516 letali.
1621 1447 1731 1515 Ex
1775 1448 2086 1515 novitate
2131 1448 2237 1515 rei
2283 1466 2517 1515 rumor
2559 1468 2688 1535 per
2716 1446 3070 1535 populum,
3103 1444 3224 1535 qui
3251 1446 3327 1513 in
3358 1468 3443 1514 ea
3471 1442 3775 1513 ecclesia
3803 1445 4047 1512 aderat

308 1572 445 1636 pro
495 1553 755 1620 divinis
798 1555 1189 1633 audiendis,
1235 1554 1572 1622 ellevatus
1617 1567 1743 1622 est.
1834 1555 1974 1622 Hic
2004 1554 2418 1623 Laurentius
2462 1554 2735 1622 adiutus
2777 1552 3075 1621 maximo
3122 1572 3279 1621 com
3326 1548 3565 1620 labore
3611 1563 3682 1619 et
3725 1550 4045 1639 periculo

186 1658 265 1719 10
312 1677 391 1723 se
440 1660 724 1726 reduxit
769 1658 999 1727 salvus
1044 1661 1137 1727 de
1181 1661 1327 1729 vita
1371 1675 1441 1728 et
1484 1660 1768 1728 reclusit
1811 1660 1887 1727 in
1942 1658 2275 1729 sacrastis
2319 1680 2505 1730 nova
2549 1660 2854 1729 ecclesie
2901 1658 3219 1748 predicte
3267 1672 3338 1728 et
3381 1656 3563 1727 adeo
3624 1659 3818 1746 quod
3861 1678 4048 1724 mor-

307 1776 458 1829 tem
528 1766 837 1833 evitavit.
911 1766 1174 1834 Omnes
1217 1767 1289 1833 in
1335 1767 1636 1835 ecclesia
1696 1766 2078 1835 existentes
2122 1768 2216 1834 ad
2260 1767 2546 1855 propria
2604 1765 2825 1835 ivere'
2889 1786 3080 1834 arma
3123 1765 3485 1854 capiendo.
3561 1762 3809 1832 Dictus
3875 1783 4045 1830 vero

312 1872 704 1938 cardinalis
749 1873 941 1941 illinc
1012 1875 1304 1941 recessit
1349 1888 1421 1941 et
1467 1874 1746 1941 domum
1790 1874 2021 1965 redijt.
2110 1872 2432 1962 Dumque
2477 1873 2613 1941 hec
2661 1884 3056 1962 agerentur,
3104 1872 3427 1942 dominus
3493 1870 3910 1941 Franciscus
3953 1871 4048 1938 de

312 1977 659 2045 Saiviatis
706 1981 1273 2069 archiepiscopus
1338 1979 1680 2061 Pisarum,
1727 1983 2095 2049 consocius
2163 1978 2350 2048 dicte
2418 1980 2837 2068 proditionis
2898 2001 3057 2049 com
3115 1980 3364 2070 viginti
3410 1978 3729 2068 personis
3773 1977 4051 2045 armatis

308 2083 445 2150 sub
509 2086 925 2157 clamidibus
984 2088 1280 2155 accessit
1342 2087 1413 2153 in
1465 2085 1785 2175 pallatio'
1847 2086 2281 2155 dominorum
2326 2087 2728 2165 :Florentie3
2790 2099 2861 2154 et
2923 2088 3252 2155 simulans
3309 2087 3544 2175 aliqua
3602 2082 4046 2173 importantia

183 2187 259 2259 15
309 2191 473 2258 vele
547 2193 877 2261 conferre
952 2215 1111 2263 com
1178 2194 1692 2262 confallonerio
1748 2192 2034 2284 justitie,
2078 2194 2308 2282 ipsum
2353 2194 2591 2274 adivit,
2640 2194 2943 2262 dimissis
2996 2193 3275 2261 famulis
3333 2194 3475 2261 suis
3533 2190 3745 2260 infra.
3834 2190 4046 2279 Cepit

306 2298 401 2363 de
454 2299 677 2389 varijs
721 2316 878 2366 com
926 2319 1012 2369 eo
1059 2299 1271 2389 loqui,
1317 2301 1701 2388 spaciando
1747 2322 1879 2388 per
1937 2300 2177 2368 sallam
2238 2299 2409 2367 dicti
2462 2300 2755 2390 pallatij‚
2803 2312 3320 2389 expectansque
3364 2298 3611 2369 horam
3656 2312 3727 2367 et
3771 2310 4048 2386 tempus

308 2406 559 2472 mortis
609 2408 952 2475 dictorum
997 2410 1292 2476 duorum
1336 2409 1633 2475 fratrum
1683 2408 1771 2475 de
1817 2406 2141 2488 Medicis,
2186 2418 2265 2474 ut
2308 2420 2545 2495 posset
2576 2407 2839 2475 dictum
2869 2404 3250 2495 pallatium,
3282 2426 3368 2475 ac
3398 2406 3718 2475 dominos
3763 2418 3835 2473 et
3878 2424 4052 2473 con-

310 2510 765 2579 fallonerium
812 2532 1067 2601 capere
1114 2525 1186 2582 et
1231 2533 1352 2582 eos
1396 2535 1439 2580 a
1484 2514 1813 2581 fenestris
1860 2514 2165 2594 deicere,
2211 2513 2596 2601 urbemque
2643 2525 2715 2581 et
2755 2482 3257 2602 rempublicam
3302 2532 3672 2602 occupare.

498 2618 884 2707 Suspicans
929 2620 1077 2708 ipse
1126 2621 1672 2689 confallonerius
1720 2633 1790 2688 et
1833 2621 2126 2689 audiens
2163 2620 2304 2709 jam
2350 2620 2685 2708 populum
2732 2621 2825 2686 ad
2884 2640 3075 2687 arma
3135 2640 3404 2700 curere,
3465 2620 3746 2709 ignarus
3805 2616 4050 2687 mortis

174 2726 263 2788 20
311 2720 631 2812 Juiliani,
677 2726 988 2794 arcesitis
1032 2726 1383 2795 nonnullis
1427 2729 1521 2795 ad
1565 2726 1954 2795 custodiam
2001 2727 2177 2797 dicti
2225 2726 2494 2819 pallatij
2544 2727 2910 2815 deputatis,
2954 2728 3144 2796 hunc
3190 2727 3793 2814 archiepiscopum
3857 2725 4047 2813 cepit

312 2845 384 2898 et
431 2835 509 2898 in
557 2832 720 2901 loco
766 2847 1039 2903 secreto
1084 2834 1376 2925 ligatum
1421 2834 1700 2913 clausit;
1749 2835 2055 2926 dumque
2103 2836 2252 2903 eius
2295 2834 2538 2903 famuli
2587 2835 2819 2902 velent
2865 2834 3169 2923 desuper
3211 2832 3618 2913 ascendere,
3667 2852 3824 2901 com
3869 2832 4048 2920 lapi-

312 2937 524 3005 dibus
571 2940 662 3008 ab
711 2942 852 3008 alto
899 2955 973 3009 et
1016 2964 1060 3009 a
1119 2940 1500 3030 ballatorijs
1568 2943 1737 3011 dicti
1780 2940 2041 3030 pallatij
2114 2938 2412 3010 deiectis
2481 2958 2623 3010 non
2688 2950 3065 3029 potuerunt
3110 2942 3521 3021 ascendere3
3568 2940 3768 3008 multi
3814 2961 3903 3008 ex
3946 2941 4046 3008 eis

314 3047 509 3132 ca'pti
557 3059 720 3114 sunt
764 3060 834 3114 et
880 3049 1196 3115 nonnulli
1243 3061 1632 3129 evaserunt,
1680 3047 2055 3136 clauseque
2101 3059 2260 3115 sunt
2301 3049 2514 3140 janue
2562 3046 2875 3115 eiusdem
2922 3047 3211 3138 pallatij.
3298 3047 3549 3115 Dictus
3593 3066 3761 3115 vero
3824 3045 4044 3115 domi-

312 3175 447 3217 nus
494 3152 801 3241 Jacobus
848 3155 937 3222 de
985 3153 1237 3244 Pacijs.
1286 3156 1405 3242 qui
1451 3164 1723 3224 mortuo
1767 3154 2073 3244 Julliano
2119 3156 2342 3224 iverat
2388 3155 2689 3235 domum,
2738 3153 2952 3221 exivit
2999 3172 3156 3222 com
3203 3155 3388 3223 forte
3438 3166 3720 3222 centum
3765 3153 4046 3221 armatis

180 3258 263 3321 25
313 3278 405 3323 ex
453 3260 871 3348 sequacibus
915 3261 1075 3342 suis,
1123 3281 1296 3350 quos
1342 3262 1618 3331 abditos
1663 3262 1736 3329 in
1783 3259 1991 3331 domo
2037 3261 2417 3330 recluserat
2462 3261 2589 3329 sub
2636 3261 2915 3329 silentio
2976 3274 3182 3330 nocte
3236 3262 3664 3350 precedente
3724 3272 3793 3329 et
3851 3260 4043 3328 venit

311 3366 407 3431 ad
454 3366 759 3454 plateam
805 3368 979 3435 dicti
1025 3367 1317 3457 pallatij,
1365 3371 1666 3436 credens
1711 3369 1938 3457 ipsum
1971 3368 2327 3455 pallatium
2361 3379 2782 3456 occupatum
2815 3369 2972 3436 fore
3004 3389 3047 3434 a
3080 3368 3273 3437 dicto
3305 3367 3863 3456 archiepiscopo,
3894 3368 4040 3435 cla-

312 3473 581 3540 mando
625 3470 942 3564 undique
1001 3478 1032 3512 ‘⁶
1056 3474 1241 3543 Viva
1283 3475 1350 3544 el
1394 3475 1654 3564 populo
1697 3497 1739 3543 e
1785 3474 1856 3543 la
1901 3474 2153 3543 liberta
2177 3499 2246 3557 ,ς
2295 3475 2681 3564 vidensque
2730 3474 2993 3543 dictum
3024 3473 3382 3563 pallatium
3415 3493 3567 3543 esse
3598 3475 3671 3541 in
3703 3485 4048 3562 potestate

309 3581 786 3674 confalonerij
835 3597 908 3651 et
951 3582 1410 3663 dominorum,
1459 3583 1657 3651 illinc
1691 3583 2024 3673 fugiendo
2058 3583 2365 3664 recessit,
2400 3585 2493 3650 ad
2525 3585 2946 3672 domumque
2991 3583 3261 3670 perexit
3304 3596 3375 3652 et
3420 3602 3672 3671 equum
3704 3583 4046 3662 ascendit,

318 3687 608 3775 fugiens
654 3710 895 3755 versus
937 3701 1233 3776 portam,
1282 3711 1422 3778 qua
1465 3690 1605 3757 itur
1634 3689 2026 3769 Pistorium,
2069 3689 2212 3780 jam
2261 3702 2538 3777 captam
2570 3690 2852 3757 nomine
2884 3708 3031 3769 suo,
3065 3709 3358 3777 eamque
3389 3687 3621 3757 exivit.
3712 3688 3870 3756 Hoc
3903 3709 4049 3756 me-

184 3793 271 3857 30
319 3794 445 3859 dio
492 3805 646 3861 tota
692 3796 939 3861 civitas
983 3794 1120 3864 fuit
1164 3795 1235 3861 in
1279 3796 1489 3862 armis
1534 3807 1606 3863 et
1647 3795 1909 3884 ubique
1959 3796 2273 3863 locorum
2319 3795 2748 3865 clamabatur
2816 3794 3090 3875 “Palle,
3134 3793 3332 3862 Palle
3360 3842 3391 3876 „
3462 3814 3600 3884 que
3660 3807 3821 3861 sunt
3880 3794 4049 3860 insi-

308 3901 482 3986 gnia
526 3901 996 3968 Medicorum.
1089 3899 1398 3989 Insequti
1443 3914 1603 3970 sunt
1648 3914 1719 3969 et
1760 3903 2111 3989 persecuti
2158 3922 2400 3971 omnes
2461 3901 2842 3990 complices
2909 3898 3100 3968 dicte
3165 3901 3604 3988 proditionis,
3667 3899 3786 3989 qui
3850 3913 4049 3969 erant

309 4007 515 4073 multi
563 4019 634 4075 et
679 4007 869 4095 capti
913 4021 1071 4076 sunt
1116 4019 1255 4075 tam
1302 4031 1392 4075 ex
1437 4008 1725 4088 civibus,
1773 4029 1980 4098 quam
2023 4029 2112 4075 ex
2156 4007 2514 4075 Perusinis
2557 4021 2629 4076 et
2675 4007 3065 4099 forasterijs
3123 4007 3196 4073 in
3255 4007 3394 4075 hoc
3440 4004 3898 4095 participibus
3956 4009 4051 4075 ad

312 4136 684 4180 numerum
746 4115 934 4182 forte
996 4128 1296 4196 centum,
1358 4117 1480 4204 qui
1537 4114 1912 4185 inmediate
1959 4115 2201 4203 apensi
2260 4128 2418 4184 sunt
2479 4133 2609 4203 per
2665 4115 2925 4206 gullam
2969 4114 3064 4181 ad
3108 4113 3395 4202 pallatio.
3439 4113 3629 4183 dicte
3687 4114 3919 4201 platee
3981 4126 4054 4182 et

310 4219 539 4308 aliqui
588 4221 844 4291 deiecti
893 4243 936 4288 a
979 4222 1325 4290 fenestris.
1414 4220 1749 4291 Liberata
1793 4223 1929 4290 fuit
1974 4221 2168 4291 dicta
2209 4233 2418 4311 porta
2461 4223 2550 4291 ab
2597 4221 2992 4303 oscidione3
3040 4221 3398 4310 insequtus
3456 4219 3593 4289 fuit
3652 4240 3739 4288 ac
3797 4234 4045 4309 captus

182 4323 263 4390 35
312 4327 551 4395 dictus
601 4329 921 4396 dominus
951 4329 1254 4418 Jacobus
1297 4329 1387 4396 de
1432 4325 1668 4420 Pacijs
1711 4341 1782 4397 et
1828 4331 2079 4397 ductus
2122 4330 2196 4396 in
2242 4329 2548 4411 civitate,
2595 4347 2678 4397 ac
2723 4327 3100 4397 inmediate
3130 4349 3263 4417 per
3289 4329 3547 4417 gullam
3580 4327 3673 4396 ad
3704 4328 4049 4396 fenestras

310 4455 714 4521 suspensus,
759 4456 1033 4523 semper
1061 4438 1133 4503 in
1167 4433 1339 4503 eius'
1385 4437 1715 4503 auxilium
1763 4435 2100 4505 invocans
2146 4435 2475 4506 Satanam
2533 4449 2604 4505 et
2654 4447 2871 4505 totam
2934 4436 3197 4503 curiam
3255 4435 3697 4504 infernalem.
3790 4433 4036 4503 Dictus

312 4562 488 4608 vero
537 4543 1105 4632 archiepiscopus
1149 4562 1305 4611 com
1354 4542 1699 4633 aliquibus
1740 4543 1883 4611 suis
1929 4543 2348 4635 sequacibus
2395 4544 2645 4633 laqueo
2705 4544 2797 4611 ad
2858 4552 3068 4633 gutur
3110 4561 3457 4631 appensus
3508 4543 3645 4612 fuit
3688 4541 3780 4611 ad
3839 4543 4043 4611 fene-

313 4661 498 4715 stras
546 4647 717 4717 dicti
761 4645 1023 4739 pallatij
1073 4651 1545 4730 dominorum3
1596 4664 1663 4720 et
1708 4663 2050 4743 quotquot
2092 4651 2336 4719 haberi
2380 4664 2758 4739 potuerunt
2790 4673 2877 4718 ex
2906 4651 3018 4718 his
3047 4650 3350 4742 conscijs
3379 4663 3570 4720 tante
3602 4651 4041 4739 proditionis,

311 4776 544 4842 usque
591 4757 686 4824 ad
728 4777 941 4823 unum
985 4758 1265 4844 laqueo,
1312 4757 1463 4825 sive
1510 4759 1722 4838 ferre,
1784 4758 1878 4825 ad
1938 4771 2229 4828 mortem
2276 4759 2566 4826 deducti
2611 4767 2794 4838 sunt,
2836 4758 3207 4847 omniaque
3271 4777 3512 4825 eorum
3573 4758 3761 4827 bona
3822 4757 4042 4826 confi-

188 4865 267 4927 40
312 4874 513 4930 scata
562 4873 743 4931 sunt.
831 4862 1083 4932 Dictus
1128 4883 1300 4932 vero
1345 4863 1719 4934 cardinalis
1765 4866 2018 4934 ductus
2061 4866 2196 4934 fuit
2239 4865 2316 4932 in
2360 4865 2648 4953 pallatio
2696 4866 3132 4933 dominorum
3165 4875 3235 4933 et
3262 4863 3362 4932 ibi
3393 4865 3800 4947 custoditus,
3845 4886 4045 4954 sepe-

316 4991 458 5058 que
492 4969 629 5057 ipsi
662 4970 925 5037 domini
955 4983 1293 5040 steterunt
1322 4972 1395 5037 in
1426 4971 1761 5060 opinione
1792 4973 2014 5060 ipsum
2048 4971 2535 5060 appendendi3
2570 4973 2699 5040 sed
2730 4971 3123 5040 reverentia
3154 4970 3623 5040 cardinalatus
3666 4993 3752 5041 ac
3795 4971 4042 5041 summi

312 5075 678 5163 pontificis
721 5077 1138 5160 vetantibus,
1183 5078 1373 5145 infra
1416 5099 1721 5146 mensem
1767 5079 2092 5146 remissus
2136 5077 2275 5146 fuit
2320 5077 2559 5148 illesus
2603 5077 2678 5144 in
2721 5078 2921 5146 curia
2973 5077 3316 5145 Romana.

499 5181 659 5251 Hac
699 5183 967 5274 justitia
1011 5186 1403 5253 eademmet
1449 5185 1565 5254 die
1610 5196 1897 5273 peracta
1941 5187 2258 5273 populus,
2303 5185 2426 5275 qui
2476 5196 2627 5252 erat
2670 5185 2740 5251 in
2771 5181 2980 5253 armis
3011 5186 3275 5253 amicus
3307 5181 3769 5268 Medicorum,
3800 5205 4043 5254 acces-

316 5290 410 5356 sit
456 5291 551 5357 ad
599 5291 967 5358 ecclesiam
1013 5301 1255 5359 sancte
1299 5289 1651 5370 Liberate,
1699 5292 2183 5380 duxeruntque
2245 5293 2527 5362 domum
2587 5290 3039 5360 Laurentium
3085 5288 3469 5373 Medicum,
3530 5291 3648 5381 qui
3709 5294 3782 5360 in
3841 5293 4041 5363 brevi

194 5396 271 5463 45
320 5419 365 5463 a
411 5397 608 5464 dicto
655 5396 940 5465 vulnere
986 5397 1255 5488 guturis
1302 5397 1481 5464 liber
1529 5411 1598 5467 et
1645 5420 1854 5466 sanus
1901 5410 2007 5467 est
2053 5399 2351 5466 effectus
2381 5399 2515 5466 Dei
2545 5399 2772 5489 gratia
2801 5398 3106 5488 juvante.
3199 5394 3527 5468 Cadaver
3554 5415 3723 5467 vero
3751 5397 4040 5489 Julliani

316 5504 666 5591 sepultum
730 5504 863 5571 fuit
921 5505 994 5570 in
1059 5505 1359 5572 ecclesia
1401 5506 1628 5573 sancti
1671 5505 2033 5596 Laurentii
2080 5503 2415 5593 parochie
2460 5527 2605 5574 sue.
2694 5503 2902 5573 Multi
2963 5505 3173 5574 etiam
3235 5507 3426 5574 cives
3485 5505 3695 5594 positi
3749 5518 3914 5574 sunt
3965 5509 4043 5575 in

317 5611 634 5690 stinchis‚
680 5630 769 5677 ac
812 5608 1014 5679 multi
1057 5623 1214 5679 sunt
1258 5609 1629 5692 confinati,'
1678 5613 1857 5680 adeo
1904 5613 2095 5701 quod
2140 5613 2387 5681 civitas
2431 5613 2762 5681 mondata
2805 5613 2939 5682 fuit
2982 5611 3090 5678 his
3134 5612 3490 5700 improbis.
3580 5613 3760 5683 Cum
3805 5625 4038 5683 autem

316 5718 620 5786 cadaver
652 5717 829 5785 dicti
861 5717 1129 5785 domini
1157 5715 1405 5807 Jacobi
1434 5719 1852 5806 insepultum
1882 5718 2147 5799 fuisset,
2178 5715 2427 5787 infiniti
2462 5719 2551 5786 de
2584 5717 2865 5787 civitate
2897 5717 3197 5806 parvulli
3226 5736 3303 5785 se
3335 5715 3739 5787 levaverunt
3771 5727 3844 5788 et
3877 5737 4036 5788 com

316 5826 563 5915 laqueo
612 5825 961 5892 existente
1008 5825 1100 5891 ad
1144 5824 1403 5915 gullam
1450 5826 1623 5904 eius,
1685 5838 1892 5912 prout
1943 5826 2175 5894 fuerat
2220 5846 2590 5913 appensus,
2636 5826 2863 5913 ipsum
2907 5846 3038 5913 per
3081 5835 3297 5894 totam
3357 5826 3717 5895 civitatem
3764 5826 4041 5915 vitupe-

197 5934 269 6002 50
302 5957 453 6006 rose
504 5934 952 6004 trhaxerunt.
1042 5930 1296 6000 Postea
1338 5931 1516 6001 illud
1560 5933 1653 6001 ad
1700 5934 1983 6001 teralios
2027 5932 2523 6021 sepelliverunt
2570 5944 2640 6000 et
2684 5932 2785 5999 sic
2827 5933 3178 6021 sepultum
3239 5953 3368 6022 per
3417 5945 3563 6002 tres
3601 5934 3762 6002 dies
3803 5934 4043 6004 dimis-

4197 1783 4351 1834 Πυι..
4382 1783 4464 1827 27⁸

4183 4465 4370 4508 east·

4192 5634 4347 5684 llus..
4378 5635 4461 5682 279
