4895 7066
228 564 336 639 [A.
377 568 540 622 1478
582 567 947 639 settembre]
1406 554 1518 627 IN
1573 552 2092 628 PARTIBUS
2146 553 2788 627 LOMBARDIE
3853 547 3946 622 31
4063 550 4075 576 ·

3831 700 3957 713 m

231 820 539 907 insequti
586 842 633 887 a
676 820 1183 908 provisionatis
1228 819 1593 889 ducalibus
1635 841 1853 908 usque
1901 819 1993 887 ad
2038 820 2343 906 plateam
2389 818 2608 907 Janue
2655 838 2811 885 com
2858 817 3159 885 maxima
3205 830 3595 886 nostrorum
3657 815 3967 884 victoria.

228 925 299 992 A
345 946 487 1013 quo
532 940 858 1015 tempore
904 926 1088 995 citra
1130 927 1401 1017 singulo
1450 926 1567 994 die
1601 926 1773 995 dicti
1805 923 2295 1013 provisionati'
2331 926 2616 993 ducales
2659 924 2999 992 exhibant
3043 923 3491 993 castelletum
3537 935 3608 992 et
3650 922 3971 990 inimicos

230 1031 411 1097 male
458 1033 881 1113 tractabant,
928 1031 1261 1120 ibantque
1305 1032 1399 1099 ad
1442 1031 1737 1099 macella
1769 1042 1839 1097 et
1870 1030 2304 1097 summebant
2336 1031 2426 1097 de
2461 1028 2806 1108 carnibus,
2854 1051 3026 1119 quas
3069 1029 3434 1096 solvebant
3479 1027 3554 1094 in
3601 1030 3972 1107 comantis,

230 1150 483 1225 postea
528 1139 861 1207 redibant
904 1139 981 1204 in
1027 1138 1443 1217 Castellet03
1476 1139 1867 1226 multosque
1915 1137 2104 1205 cives
2150 1135 2543 1224 capiebant,
2575 1157 2618 1202 a
2650 1135 2902 1224 quibus
2945 1136 3048 1202 nil
3091 1136 3287 1203 aliud
3332 1134 3719 1224 querebant
3762 1157 3970 1224 quam

153 1244 188 1309 5
234 1245 503 1325 vinum,
550 1265 825 1324 carnes,
873 1246 1126 1326 oleum,
1173 1245 1287 1313 vel
1332 1244 1580 1312 similia
1626 1256 1697 1313 et
1742 1244 1852 1311 his
1905 1243 2186 1323 habitis,
2240 1242 2581 1333 quicquid
2643 1242 3052 1322 habuerant,
3113 1242 3498 1310 solvebant.
3588 1242 3972 1311 Continue-

231 1370 369 1440 que
416 1364 565 1419 tam
616 1354 706 1420 de
752 1353 894 1432 die,
936 1374 1146 1441 quam
1190 1351 1280 1418 de
1326 1362 1533 1419 nocte
1582 1351 1996 1418 castellanus
2041 1370 2197 1418 com
2261 1351 2591 1418 mortario
2649 1348 2931 1439 jacebat
2989 1349 3066 1414 in
3125 1348 3414 1417 civitate
3475 1348 3767 1435 lapides,
3832 1348 3996 1438 que'

230 1460 434 1545 quasi
486 1471 709 1526 totam
757 1459 1113 1526 civitatem
1164 1458 1242 1524 in
1311 1469 1539 1525 tectos
1604 1458 1966 1525 domorum
2036 1455 2517 1524 devastabant.
2611 1454 2981 1543 Missitque
3025 1475 3149 1522 rex
3207 1454 3697 1523 Ferdinandus
3764 1477 3974 1522 unam

231 1565 657 1649 bronzinam
701 1566 1071 1632 maximam
1116 1587 1274 1634 com
1321 1564 1835 1643 bombarderi0‚
1882 1564 2005 1653 qui
2051 1562 2285 1630 multis
2330 1561 2604 1631 vicibus
2647 1561 2817 1653 jecit
2861 1563 2936 1627 in
2984 1562 3200 1629 muris
3260 1561 3639 1642 Castelleti,
3700 1584 3971 1650 pamm,

12 1712 15 1717 -
229 1672 347 1738 vel
394 1673 505 1737 nil
554 1672 1010 1751 offendendO,
1058 1684 1129 1739 et
1172 1694 1313 1739 una
1358 1672 1476 1738 die
1520 1672 1685 1738 dum
1731 1671 1919 1739 velet
1960 1672 2191 1761 ignem
2236 1670 2376 1757 ipsi
2422 1667 2758 1737 bronzine
2805 1669 3186 1755 imponere,
3238 1667 3768 1736 bombarderius
3813 1688 3971 1735 com

12 1788 15 1793 ’
135 1781 189 1842 10
227 1800 372 1843 una
418 1779 811 1869 spingarda
857 1779 1118 1845 occidit
1179 1778 1448 1845 dictum
1518 1777 2086 1847 bombarderium
2130 1774 2658 1865 Aragonensem
2726 1785 2797 1842 et
2866 1775 3007 1842 alia
3052 1774 3174 1843 die
3217 1795 3375 1842 com
3421 1796 3545 1841 sua
3587 1775 3975 1843 bombarda

228 1883 459 1972 rupit'
509 1886 773 1953 dictam
816 1884 1225 1952 bronzinam
1271 1885 1459 1974 regis
1503 1884 1961 1952 Ferdinandi.
2052 1882 2404 1950 Maximus
2452 1881 2542 1949 ob
2588 1882 2722 1949 hec
2766 1892 2914 1948 erat
2960 1893 3185 1948 terror
3225 1881 3303 1946 in
3350 1881 3605 1970 Janua;
3651 1882 3963 1970 undique

225 2014 270 2057 a
313 1992 619 2078 populo,
653 1991 952 2058 maxime
996 2013 1041 2056 a
1084 1990 1584 2059 mercatoribus
1630 2003 1700 2059 et
1746 1989 2009 2057 artistis
2054 1987 2503 2057 clamabatur.
2596 1986 2803 2056 Multi
2846 2010 2889 2053 a
2936 1987 3129 2055 dicto
3176 1989 3505 2056 mortario
3538 2001 3695 2058 sunt
3723 2011 3810 2056 ex
3843 1989 3972 2055 im-

224 2099 528 2184 proviso
578 2099 813 2167 occisi.
906 2099 1158 2169 Nullus
1201 2110 1547 2165 mercator
1594 2120 1797 2164 ausus
1825 2108 1974 2165 erat
2005 2115 2277 2164 merces
2306 2117 2467 2162 suas
2497 2095 2571 2160 in
2604 2094 2892 2181 publico
2924 2107 3188 2175 tenere,
3221 2115 3354 2162 nec
3389 2108 3590 2163 extra
3620 2095 3973 2162 civitatem

222 2202 355 2269 ire.
454 2204 677 2269 Multi
722 2206 795 2270 in
842 2203 995 2271 dies
1039 2202 1601 2290 depredabantur
1644 2215 1716 2272 et
1760 2205 1985 2291 Janua
2044 2223 2185 2270 non
2247 2201 2518 2279 civitas,
2589 2201 2716 2268 sed
2785 2201 3129 2268 latronum
3193 2203 3527 2288 spelunca
3581 2201 3968 2270 videbatur.

120 2307 173 2372 15
224 2313 492 2377 Fertur
540 2311 788 2377 domos
835 2312 1231 2377 devastatas
1274 2302 1548 2377 esse'in
1593 2329 1881 2377 numero
1928 2308 2121 2376 mille
2164 2308 2384 2399 xxiiij.

412 2417 765 2484 Dominus
809 2417 1153 2484 Obiectus
1198 2417 1286 2484 de
1333 2416 1568 2485 Flisco
1617 2437 1774 2483 com
1821 2427 2075 2503 nepote
2122 2436 2272 2495 su0,
2320 2415 2437 2504 qui
2485 2415 2560 2481 in
2608 2426 2837 2482 castro
2897 2414 3286 2483 Mediolani
3354 2416 3822 2496 detinebatur,
3885 2427 3964 2482 ut

218 2544 299 2589 se
348 2525 649 2591 tandem
696 2523 1023 2590 liberaret
1068 2545 1112 2589 a
1155 2523 1346 2589 dicta
1395 2522 1887 2609 detemptione,
1937 2522 2151 2589 multa
2192 2520 2546 2608 pollicitus
2590 2534 2694 2588 est
2739 2521 3024 2588 domine
3071 2522 3372 2602 ducisse,
3422 2523 3715 2591 maxime
3779 2522 3971 2610 quod

218 2629 283 2693 si
332 2630 531 2696 foret
582 2629 658 2694 in
704 2628 987 2695 civitate
1032 2628 1257 2716 Janue
1305 2647 1461 2696 com
1507 2626 1922 2715 partialibus
1970 2639 2043 2694 et
2087 2627 2335 2693 amicis
2379 2626 2542 2705 suis,
2589 2626 2973 2713 expelleret
3027 2649 3115 2694 ex
3161 2650 3245 2694 ea
3291 2627 3651 2695 dominum
3695 2628 3972 2695 Rober-

216 2748 373 2801 tum
425 2749 503 2802 et
548 2745 796 2825 gentes
840 2732 1353 2824 Aragonenses,
1386 2735 1748 2823 ipsamque
1792 2736 2089 2822 Januam
2134 2744 2403 2802 teneret
2447 2733 2518 2797 in
2551 2734 2692 2801 fide
2735 2754 2865 2820 pro
2898 2746 3082 2801 statu
3113 2734 3523 2803 Mediolani.
3617 2735 3763 2802 Sed
3794 2737 3970 2801 mul-

104 2846 171 2906 20
217 2856 373 2908 tum
422 2841 1015 2930 conquerebatur,
1061 2843 1254 2930 quod
1298 2840 1619 2908 indebite
1666 2841 1768 2908 sic
1820 2840 2294 2917 detinebatur;
2343 2841 2694 2930 ductoque
2749 2840 2827 2906 in
2885 2840 3295 2908 Mediolano
3354 2842 3636 2910 Donato
3681 2840 3974 2909 Comitis

218 2961 608 3015 carcerato
676 2948 750 3014 in
817 2951 1025 3015 furno
1071 2947 1458 3027 Modoetie,
1504 2948 1655 3035 ipse
1698 2948 2016 3015 Donatus
2081 2947 2219 3015 sibi
2283 2947 2359 3012 in
2428 2947 2688 3014 faciem
2737 2948 2936 3029 dixit,
2982 2969 3066 3016 ac
3112 2948 3438 3035 probavit
3482 2949 3974 3037 proditionem,

218 3077 445 3142 quam
493 3055 782 3121 insimul
828 3057 1146 3123 fecerant
1191 3076 1348 3123 com
1397 3056 1680 3123 domino
1727 3054 2044 3123 Roberto
2091 3068 2335 3122 contra
2378 3055 2642 3121 dictum
2688 3068 2969 3122 statum:
3027 3057 3219 3144 quod
3281 3055 3575 3123 audiens
3635 3056 3786 3142 ipse
3847 3055 3977 3121 do-

219 3162 467 3228 minus
513 3161 876 3240 Obiectus‚
922 3161 1196 3228 veniam
1242 3162 1467 3251 petijt,
1531 3182 1614 3228 ac
1671 3160 2126 3249 jureiurando
2186 3160 2571 3241 affirmavit,
2618 3183 2692 3229 se
2740 3163 2927 3229 omni
2974 3175 3288 3249 tempore
3334 3162 3488 3230 fore
3533 3162 3746 3228 fidum
3807 3160 3974 3227 huic

216 3269 448 3335 statui
497 3282 573 3335 et
619 3268 876 3334 iturum
922 3267 1237 3355 Januam,
1283 3279 1360 3335 ut
1407 3289 1564 3335 com
1611 3268 1855 3334 favore
1902 3269 2276 3334 amicorum
2324 3289 2604 3334 suorum
2648 3269 3032 3355 expelleret
3079 3269 3438 3336 dominum
3470 3269 3862 3336 Robertum
3897 3279 3966 3334 et

96 3373 165 3440 25
219 3375 644 3452 consocios;
711 3372 985 3464 sibique
1051 3374 1404 3462 promissit
1452 3374 1735 3442 domina
1800 3373 2101 3454 ducissa,
2170 3374 2230 3440 si
2297 3375 2434 3442 hoc
2508 3388 2981 3462 exequeretur,
3052 3376 3277 3442 eidem
3323 3374 3620 3443 reddere
3665 3374 3973 3462 Burgum

216 3481 470 3549 Vallis
515 3480 696 3547 Tari
760 3492 832 3548 et
891 3480 1128 3548 omnia
1171 3479 1525 3560 fortilicia,
1573 3501 1711 3569 que
1757 3482 2039 3548 fuerant
2083 3501 2226 3561 sua,
2274 3502 2358 3548 ac
2405 3481 2706 3568 primum
2754 3480 3228 3569 episcopatum
3272 3493 3676 3549 vacaturum
3721 3480 3796 3547 in
3848 3481 3976 3549 do-

216 3587 457 3654 minio
503 3588 743 3655 ducali
791 3587 1019 3655 eidem
1066 3588 1411 3654 conferre.
1504 3587 1633 3654 His
1678 3585 1999 3654 omnibus
2045 3586 2209 3654 hinc
2256 3588 2422 3656 inde
2469 3588 2680 3655 factis
2745 3588 3394 3675 pollicitationibus,
3441 3589 3593 3675 ipse
3641 3589 3962 3655 dominus

219 3694 585 3761 Obiectus
636 3696 911 3781 perexit
967 3694 1042 3759 in
1107 3693 1460 3761 civitatem
1507 3694 1748 3781 Janue,
1795 3713 1953 3760 com
1999 3693 2191 3761 dicto
2240 3694 2520 3761 domino
2566 3695 2887 3763 Roberto
2949 3696 3187 3782 sepius
3247 3695 3671 3784 colloquium
3737 3707 3808 3762 et
3866 3693 3975 3759 in-

218 3801 705 3891 telligentiam
750 3801 1013 3880 habuit,
1061 3800 1237 3866 nihil
1279 3801 1602 3890 juratum,
1651 3799 2149 3886 promissumve
2198 3821 2390 3866 more
2434 3801 2766 3889 Januensi
2813 3800 3228 3870 observavit.

102 3911 173 3974 30
412 3908 761 3974 Dominus
803 3906 1158 3994 Johannes
1200 3906 1576 3974 Allovisius
1625 3908 1715 3973 de
1746 3906 1984 3973 Flisco
2018 3908 2238 3973 frater
2267 3908 2718 3994 suprascripti
2750 3908 3015 3976 domini
3048 3909 3353 3990 Obiecti,
3389 3912 3476 3976 de
3508 3909 3704 3977 dicto
3736 3925 3976 3973 mense

223 4013 663 4101 septembris
707 4036 859 4081 com
905 4014 1170 4081 auxilio
1216 4013 1601 4080 amicorum
1649 4035 1927 4081 suorum
1972 4012 2204 4100 posuit
2251 4026 2480 4082 castra
2526 4015 2616 4082 ad
2663 4028 2918 4082 terram
2949 4015 3209 4107 Varisij
3244 4017 3614 4104 Januensis
3641 4015 3973 4093 diocesis,

222 4140 371 4205 que
422 4115 917 4204 possidebatur
962 4137 1005 4181 a
1051 4116 1304 4182 comite
1353 4112 1737 4184 Manfredo
1787 4118 1874 4183 de
1919 4116 2171 4184 Lando
2221 4117 2476 4184 nobile.
2505 4117 2923 4184 Placentino
2972 4131 3041 4186 et
3088 4140 3224 4206 que
3272 4119 3500 4186 fuerat
3546 4119 3820 4185 illorum
3883 4121 3972 4188 de

226 4225 480 4292 Flisco
526 4221 618 4288 ab
664 4222 992 4310 antiqu03
1026 4231 1097 4288 et
1126 4222 1412 4289 tandem
1456 4223 1676 4309 ipsam
1723 4234 1980 4288 terram
2030 4222 2363 4300 obtinuit3
2412 4245 2552 4311 qua
2596 4224 2882 4291 obtenta
2929 4235 3000 4291 et
3044 4225 3313 4292 munita
3343 4246 3465 4292 suo
3498 4227 3798 4306 nomine,
3831 4226 3978 4294 col-

229 4332 443 4398 lectis
490 4341 666 4418 quot
713 4352 800 4395 ex
845 4328 1091 4396 amicis
1134 4329 1277 4394 suis
1320 4329 1567 4414 potuit,
1612 4328 1740 4395 ivit
1784 4328 2078 4416 Januam
2144 4331 2217 4396 in
2286 4333 2642 4397 sucursum
2689 4331 2956 4399 domini
3001 4330 3324 4414 Roberti,
3370 4334 3489 4401 ubi
3537 4353 3694 4401 com
3743 4355 3829 4401 eo
3876 4332 3978 4397 in-

114 4437 185 4501 35
232 4437 703 4525 telligentiam
746 4435 1011 4514 habuit,
1059 4434 1476 4503 cominando
1520 4435 1875 4522 imponere
1922 4448 2152 4502 castra
2199 4437 2292 4504 ad
2336 4437 2646 4525 Burgum
2692 4438 2920 4506 Vallis
2965 4439 3155 4506 Tari.

416 4542 719 4608 Illustris
766 4542 1087 4609 dominus
1130 4541 1471 4609 Hercules
1514 4542 1850 4609 Extensis
1892 4543 2035 4610 dux
2081 4543 2368 4612 Ferarie
2417 4545 2508 4611 de
2553 4544 2743 4611 dicto
2805 4566 3041 4613 mense
3104 4548 3516 4633 septembris
3574 4549 3741 4616 anni
3802 4544 3968 4617 1478

232 4662 518 4717 creatus
566 4648 699 4714 fuit
743 4649 816 4713 in
867 4647 1148 4715 civitate
1193 4645 1484 4715 Ferarie
1531 4648 1620 4715 ab
1650 4648 2038 4716 oratoribus
2084 4650 2293 4717 totius
2337 4650 2478 4738 lige
2508 4651 2918 4733 Mediolani,
2951 4653 3379 4720 Venetorum
3426 4668 3497 4723 et
3526 4654 3972 4724 Florentino-

236 4779 393 4822 rum
443 4755 857 4852 capitaneus
901 4753 1249 4842 generalis
1293 4753 1539 4840 ipsius'
1587 4755 1727 4843 lige
1774 4775 1903 4841 pro
1948 4756 2148 4822 annis
2194 4756 2465 4823 duobus
2512 4777 2644 4823 con
2704 4758 3107 4845 provisione
3156 4761 3564 4829 ducatorum
3610 4770 3976 4858 sexaginta

236 4862 537 4927 millium
574 4861 725 4926 auri
771 4860 1045 4948 singulo
1077 4879 1297 4938 ann03
1344 4860 1808 4949 baculumque
1841 4862 2013 4928 dicti
2048 4863 2528 4949 capitaneatus
2560 4883 2715 4930 com
2749 4852 2998 4932 vexillo
3029 4868 3357 4954 suscepit,
3390 4869 3653 4959 ivitque
3684 4874 3974 4943 Floren-

122 4973 197 5035 40
238 4972 408 5035 tiam
442 4969 518 5033 in
554 4969 867 5035 exercitu
899 4966 1460 5035 Florentinorum
1493 4979 1740 5035 contra
1769 4979 2015 5058 gentes
2044 4970 2388 5057 pontificis
2420 4981 2492 5037 et
2522 4972 2707 5058 regis
2737 4972 3186 5052 Ferdinandi,
3211 4995 3347 5061 que
3381 4975 3518 5063 jam
3553 4991 3977 5049 castramen-

240 5075 583 5143 tabantur
623 5074 1000 5141 Castelline
1047 5085 1272 5140 castro
1304 5074 1375 5140 in
1407 5093 1574 5164 agro
1604 5072 2014 5143 Florentino
2061 5077 2384 5144 existenti
2431 5078 2526 5145 ad
2575 5077 2878 5145 confinia
2921 5100 3157 5146 versus
3189 5080 3431 5162 Senas,
3465 5102 3606 5152 non
3653 5087 3972 5157 obstante

240 5180 435 5268 quod
463 5179 624 5265 ipse
655 5180 794 5246 dux
826 5179 1166 5245 Hercules
1211 5179 1397 5246 foret
1439 5197 1658 5268 gener
1689 5180 1860 5247 dicti
1908 5180 2109 5269 regis,
2141 5202 2519 5270 secumque
2568 5183 2763 5250 duxit
2808 5183 3001 5251 mille
3032 5205 3248 5272 equos
3279 5198 3347 5253 et
3378 5188 3656 5274 pedites
3701 5195 3974 5262 multos.

420 5283 749 5351 Bannitis
794 5285 885 5351 de
933 5281 1154 5349 tribus
1196 5284 1513 5371 squadris
1560 5285 1907 5373 quottidie
1953 5285 2219 5374 aliquid
2266 5288 2738 5355 mollientibus
2798 5302 3043 5355 contra
3102 5290 3634 5378 gubernatorem
3697 5295 3975 5380 Parme,

242 5393 510 5462 domini
562 5393 780 5458 duces
823 5389 1213 5456 Mediolani
1259 5390 1821 5459 deliberaverunt
1866 5392 1967 5460 eis
2012 5394 2255 5460 facere
2301 5395 2604 5481 gratiam
2651 5408 2791 5462 tam
2839 5396 3002 5477 vite,
3050 5417 3256 5484 quam
3304 5401 3820 5471 confiscationis
3853 5405 3974 5472 bo·

6 5561 14 5571 .
88 5525 91 5532 ’
136 5501 203 5566 45
242 5521 514 5578 norum,
565 5497 659 5564 ad
703 5497 890 5562 hunc
936 5496 1141 5561 finem
1188 5496 1377 5585 quod
1423 5516 1563 5563 non
1610 5509 1891 5584 possent
1937 5521 2009 5565 se
2055 5499 2258 5566 unire
2301 5521 2432 5587 pro
2503 5501 2736 5589 aliquo
2807 5502 3289 5583 deliberandO,
3360 5518 3481 5573 aut
3550 5509 3974 5592 ordinando,

244 5607 540 5674 maxime
590 5602 696 5670 eis
739 5601 1255 5669 rescidentibus
1314 5603 1385 5668 in
1449 5615 1634 5670 terra
1695 5604 2036 5694 Corrigie.
2130 5607 2223 5672 Et
2281 5607 2422 5672 hoc
2491 5619 2698 5692 pacto
2767 5608 2933 5694 ipsis
2997 5611 3292 5698 gratiam
3354 5612 3697 5694 fecerunt,
3744 5615 3975 5685 silicet

248 5714 427 5802 quod
474 5711 811 5777 venirent
855 5708 928 5774 in
974 5708 1282 5774 dominio
1327 5709 1564 5775 ducali
1611 5709 2017 5790 habitatum,
2066 5722 2363 5798 excepto
2397 5713 2590 5800 quod
2621 5714 2692 5779 in
2726 5713 2995 5794 Parma,
3031 5714 3268 5783 necin
3298 5714 3660 5784 Parmensi
3693 5737 3976 5807 possent

247 5820 579 5889 accedere
634 5830 708 5884 et
756 5835 936 5880 unus
979 5813 1070 5881 ab
1116 5815 1254 5883 alio
1299 5826 1513 5882 staret
1545 5829 1903 5902 separatus
1933 5817 2006 5881 in
2040 5817 2442 5885 civitatibus
2480 5829 2551 5887 et
2583 5820 2784 5886 terris
2810 5840 2942 5907 pro
2977 5821 3281 5890 confinio
3312 5823 3697 5914 unicuique
3732 5848 3972 5895 eorum

390 6104 447 6160 7.
484 6088 583 6158 in]
628 6087 689 6138 il
722 6082 843 6137 cod·
880 6077 1051 6137 lmffi
1088 6097 1119 6132 0
1153 6077 1236 6150 fii,
1258 6083 1422 6151 sors«
1458 6085 1710 6153 iusuper,
1748 6087 2026 6138 maxum?

4123 943 4279 993 Mun..
4311 942 4392 985 2⁸⁶

4115 1912 4302 1951 &517

4124 4788 4284 4838 Mum,
4316 4784 4395 4826 287
