4895 7066
1868 606 3955 622 mfflnfflfflffl-ffln-Wmm-umfflfflnfflffloffl

239 474 359 546 [Α.
406 477 555 533 uso
590 450 885 545 gennaloj
1410 465 1525 539 IN
1576 462 2092 537 PARTIBUS
2148 462 2786 535 LOMBARDIE
3852 460 3950 535 63

433 734 573 801 Hoc
618 753 803 800 anno
849 730 1065 799 valuit
1111 733 1533 801 furmeutum
1579 731 1795 800 soldis
1840 731 2148 801 sedecim
2192 752 2324 820 pro
2368 731 2642 822 singulo
2687 730 2901 799 stario
2947 731 3040 798 ad
3069 730 3248 817 plus.
3341 729 3505 798 Nou
3535 730 3816 797 fuerunt
3845 728 3956 795 ni-

235 861 392 919 ves,
432 862 645 928 neque
691 838 961 927 glaties.
1052 840 1292 907 Pauce
1336 838 1619 906 fuerunt
1662 838 1896 927 pluvie
1944 850 2015 906 et
2060 838 2231 906 nulli
2282 839 2475 907 venti
2519 838 2883 906 flaverunt.
2973 838 3129 905 Hoc
3162 836 3348 905 enim
3393 857 3632 904 mense
3676 837 3958 905 decem-

236 946 397 1013 bris
441 945 783 1035 amigdole
843 946 1228 1013 floruerunt
1285 957 1356 1013 et
1417 946 1626 1013 etiam
1686 947 1893 1033 pruni
1954 945 2328 1024 silvestres,
2374 945 2561 1012 unde
2621 956 2938 1032 speratur
2981 943 3073 1010 de
3120 943 3308 1012 bono
3354 944 3426 1011 in
3474 942 3739 1012 melius.

416 1054 502 1120 Et
543 1063 688 1119 tota
730 1053 975 1140 hyems
1039 1052 1220 1120 dicti
1282 1053 1445 1119 anni
1515 1051 1681 1124 1479
1746 1064 1817 1120 01
1876 1053 2087 1120 etiam
2149 1052 2501 1143 januarius
2545 1063 2617 1119 et
2662 1050 3055 1118 februarius
3098 1050 3262 1117 anui
3317 1051 3487 1117 1480
3531 1050 3702 1117 satis
3741 1046 3955 1127 boni3

154 1158 189 1225 5
237 1158 625 1229 februarius
670 1171 903 1226 tamen
951 1159 1090 1226 11111
1138 1179 1294 1227 00111
1341 1158 1691 1247 aliquibus
1735 1159 2010 1227 nivibus
2054 1158 2454 1247 liquefactis
2499 1170 2571 1226 et
2613 1157 2946 1245 frigidior
2989 1177 3074 1225 ac
3118 1156 3471 1225 humidior
3507 1156 3844 1246 januario.

1985 1541 2221 1612 1480.

405 1790 627 1860 Ρ111110
671 1794 976 1884 januarii
1026 1794 1198 1861 anni
1251 1795 1418 1861 1480
1463 1793 1745 1861 intravit
1789 1814 1917 1881 pro
1960 1804 2298 1881 potestate
2343 1791 2594 1859 Parme
2639 1792 2929 1883 insignis
2971 1792 3222 1860 doctor
3264 1790 3585 1860 dominus
3635 1789 3962 1876 Raphael

234 1899 330 1966 de
370 1898 722 1979 Inviciatis
770 1901 863 1969 de
908 1899 1344 1968 Alexandria
1389 1922 1549 1968 cum
1595 1901 1891 1968 maximo
1937 1901 2229 1979 honore,
2273 1920 2412 1989 quo
2461 1911 2775 1986 tempore
2807 1899 2922 1966 hic
2955 1921 3028 1966 se
3059 1899 3500 1987 reperierunt
3530 1909 3672 1965 tres
3699 1895 3962 1963 officia-

236 2004 343 2071 les
384 2005 469 2072 de
512 2003 973 2087 Alexandria,
1021 2008 1249 2075 silicet
1294 2008 1618 2075 dominus
1660 2006 2009 2074 Antonius
2052 2007 2337 2074 Trottus
2381 2025 2510 2094 pro
2556 2004 3046 2096 gubernatore,
3096 2006 3417 2073 dominus
3474 2002 3804 2091 Raphael
3847 2003 3964 2068 In-

117 2114 189 2175 10
236 2111 529 2185 viciatus
572 2135 705 2200 pro
752 2127 1118 2200 potestate,
1163 2114 1522 2181 Lucianus
1565 2134 1698 2202 pro
1746 2114 2035 2181 officiale
2081 2114 2498 2181 bulletarum
2543 2115 2707 2181 loco
2751 2112 3003 2179 Zanini
3047 2111 3356 2179 Barbati.

410 2217 686 2296 Quarto
733 2221 1029 2312 januarij
1078 2223 1152 2288 in
1198 2234 1403 2289 nocte
1450 2221 1647 2289 multi
1691 2232 1763 2288 et
1807 2241 2017 2307 quam
2062 2220 2258 2287 multi
2305 2220 2612 2307 capistri,
2657 2220 2902 2297 Deum,
2950 2239 3079 2286 nec
3121 2218 3454 2310 justitiam
3500 2216 3841 2296 timentes,
3886 2237 3961 2283 se

233 2340 682 2394 armaverunt
727 2340 799 2395 et
844 2330 1354 2396 insultaverunt
1397 2328 1685 2396 militem
1746 2327 1921 2395 dicti
1977 2325 2339 2415 potestatis
2401 2326 2472 2392 in
2537 2325 2788 2413 plateis
2832 2344 2991 2392 cum
3039 2323 3309 2393 familia
3353 2345 3500 2404 sua,
3546 2344 3756 2411 quem
3801 2343 3957 2389 com

230 2453 370 2497 una
410 2434 772 2519 partisana
812 2435 888 2501 in
935 2456 1116 2504 coxa
1161 2436 1492 2503 atrociter
1537 2435 2093 2513 vulneraverunt,
2140 2434 2232 2501 ad
2276 2433 2413 2499 hoc
2461 2455 2551 2500 ne
2597 2431 2673 2498 in
2719 2445 2928 2499 nocte
2973 2431 3266 2500 auderet
3294 2453 3425 2519 per
3455 2430 3807 2497 civitatem
3837 2429 3963 2509 ire,

230 2550 309 2604 ut
349 2540 564 2606 moris
609 2552 717 2608 est
764 2553 834 2609 et
878 2543 1041 2630 quia
1085 2554 1294 2610 nocte
1341 2540 1750 2631 precedenti
1798 2551 2083 2628 ceperat
2131 2539 2499 2607 nonnullos
2539 2537 2829 2628 juvenes
2871 2550 3185 2626 repertos
3245 2538 3396 2605 sine
3438 2535 3722 2615 lumine,
3770 2548 3840 2603 et
3884 2549 3962 2605 ut

118 2642 189 2709 15
234 2656 522 2731 possent
566 2646 858 2714 liberius
900 2651 971 2714 in
1020 2661 1226 2717 nocte
1270 2669 1401 2737 per
1444 2650 1798 2716 civitatem
1843 2645 2221 2715 ambulare.

406 2753 520 2819 Ea
564 2753 704 2820 hac
749 2755 1031 2842 quidem
1079 2756 1195 2823 die
1242 2756 1509 2831 reversi
1554 2767 1712 2823 sunt
1755 2754 1849 2823 ad
1893 2754 2248 2821 civitatem
2293 2753 2544 2820 Parme
2589 2753 2693 2819 illi
2739 2764 3034 2841 quatuor
3077 2764 3386 2820 oratores
3427 2749 3638 2830 missi,
3693 2771 3784 2817 ne
3837 2750 3962 2817 ad-

232 2858 539 2925 ditiones
585 2860 751 2926 anni
793 2862 1136 2948 presentis
1180 2861 1509 2928 darentur
1557 2859 1824 2928 civibus
1855 2859 2063 2927 trium
2111 2860 2588 2949 squadrarum,
2636 2860 2757 2947 qui
2790 2857 3228 2927 exsolveraut
3257 2856 3720 2925 sacomanatis
3753 2856 3965 2924 libras

229 2965 395 3054 xvij.
442 2966 665 3045 mille,
712 2968 908 3035 circa
952 2970 1142 3056 quod
1186 2968 1363 3034 nihil
1410 2968 1871 3037 obtinuerunt.
2593 2984 2600 3001 ·

401 3072 491 3138 111
534 3072 885 3160 principio
927 3075 1221 3166 januarij
1271 3076 1436 3142 anui
1481 3076 1823 3162 presentis
1876 3075 2045 3141 1480
2091 3084 2337 3160 captus
2381 3070 2611 3141 fuerat
2670 3073 2746 3140 iu
2809 3073 3002 3142 curia
3059 3072 3294 3163 magni
3346 3072 3614 3141 Turchi
3674 3072 3965 3139 Franci-

110 3181 189 3241 20
230 3200 388 3245 scus
433 3180 527 3245 de
572 3177 826 3246 Bardis
869 3180 1048 3247 civis
1091 3179 1151 3245 F
1155 3182 1535 3249 lorentinus
1577 3182 2073 3270 magnanimus,
2120 3181 2239 3268 qui
2285 3179 2519 3247 fuerat
2548 3179 2807 3268 primus
2837 3179 2910 3245 in
2944 3178 3377 3247 vulnerando
3406 3177 3778 3266 Jullianum
3809 3177 3964 3245 Me-

232 3285 468 3351 dicum
519 3285 594 3350 in
642 3286 946 3353 ecclesia
992 3287 1249 3355 Sancte
1292 3288 1623 3356 Liberate
1670 3300 1742 3356 et
1784 3288 1976 3355 illum
2021 3286 2345 3353 Turchus
2388 3287 2628 3355 audita
2670 3297 2893 3354 morte
2938 3286 3116 3355 tanti
3161 3285 3295 3353 viri
3340 3285 3636 3352 remissit
3679 3285 3971 3353 Floren-

229 3392 392 3458 tiam
443 3391 759 3481 ligatum,
807 3395 929 3482 qui
974 3393 1353 3462 inmediate
1400 3395 1537 3462 11111
1581 3414 1948 3483 appensus.

403 3499 724 3567 Maxima
766 3502 903 3568 hoc
949 3512 1262 3589 tempore
1308 3501 1445 3570 11111
1489 3501 1877 3571 Mediolani
1922 3500 2350 3590 contemptio
2393 3501 2581 3570 inter
2623 3513 2934 3570 oratores
2977 3499 3078 3571 ibi
3122 3502 3493 3570 existentes
3521 3512 3599 3569 ut
3644 3519 3856 3588 supra
3899 3509 3969 3570 et

226 3619 563 3696 regentes
607 3620 859 3676 statum
906 3609 1182 3688 ducale,
1227 3629 1357 3695 pro
1406 3607 1767 3688 firmanda,
1814 3609 1924 3676 vel
1969 3609 2383 3676 infirmanda
2428 3609 2568 3697 liga
2612 3621 2683 3677 et
2726 3628 2934 3695 pace3
2982 3628 3142 3675 nam
3191 3609 3451 3676 diversi
3496 3608 3773 3676 diversa
3802 3629 3961 3675 sen-

109 3709 179 3775 25
225 3713 503 3781 tiebant
547 3726 621 3782 et
666 3714 1117 3801 appetebant.
1207 3714 1436 3782 Multa
1484 3716 1667 3804 enim
1709 3715 2095 3784 homicidia
2140 3716 2331 3783 facta
2376 3727 2536 3783 sunt
2579 3715 2651 3781 in
2712 3715 3121 3784 Mediolano
3167 3727 3238 3782 et
3282 3716 3480 3783 multi
3527 3714 3960 3783 affectabant

220 3820 756 3888 subversionem
803 3834 1022 3888 status
1066 3834 1137 3890 et
1180 3834 1258 3889 ut
1301 3842 1516 3890 novas
1559 3845 1672 3890 res
1716 3823 2069 3901 viderent3
2116 3823 2355 3909 sicque
2404 3841 2642 3889 omnes
2686 3822 2931 3911 populi
2979 3822 3448 3911 trepidabant,
3493 3844 3583 3890 ne
3603 3841 3866 3911 guerra
3895 3834 3970 3890 et

220 3928 809 4014 impedimentum
855 3928 1281 3996 insereretur
1324 3931 1533 3996 statui
1575 3929 1986 3997 Mediolani.

406 4034 864 4121 Scripserunt
908 4034 1347 4102 illustrissimi
1396 4035 1662 4103 domini
1708 4036 1922 4103 nostri
1971 4035 2375 4105 officialibus
2443 4048 2515 4104 et
2584 4036 2879 4104 antianis
2924 4037 3196 4117 Parme,
3243 4038 3436 4124 quod
3497 4036 3783 4105 omnino
3837 4038 3964 4104 ad-

223 4140 535 4207 ditiones
580 4143 1098 4230 assignarentur
1140 4143 1353 4210 modo
1398 4163 1537 4231 quo
1582 4164 1794 4229 supra
1839 4141 2007 4209 alias
2050 4143 2383 4230 scriptum
2430 4143 2658 4211 extitit
2704 4156 2776 4211 et
2818 4144 2922 4212 sic
2963 4145 3153 4232 quod
3198 4165 3327 4231 pro
3357 4144 3560 4211 annis
3592 4156 3755 4211 octo
3785 4155 3967 4211 stent

111 4246 181 4309 30
224 4247 545 4336 obligate
590 4245 690 4313 et'
736 4248 929 4335 quod
975 4248 1459 4335 dispensentur
1502 4250 1641 4316 hoc
1685 4270 1873 4316 anno
1918 4250 2025 4315 his
2071 4251 2190 4339 qui
2236 4251 2682 4319 exsolverunt
2725 4249 2997 4318 Rubeis
3041 4251 3505 4319 sacomanatis
3564 4250 3775 4318 libras
3817 4250 3958 4341 xvij

224 4353 447 4432 mille,
519 4353 805 4441 reliquis
871 4374 995 4421 sex
1060 4355 1258 4422 annis
1326 4355 1670 4423 continuis
1730 4355 2276 4424 incantatoribus
2337 4379 2574 4424 earum
2638 4378 2794 4427 com
2857 4357 3191 4425 interesse
3253 4357 3582 4426 librarum
3628 4371 3789 4426 octo
3836 4377 3965 4447 pro

224 4461 510 4551 singulo
559 4461 964 4528 centonario
1027 4462 1118 4530 ob
1178 4463 1772 4549 supportationem
1821 4464 1912 4530 de
1959 4481 2143 4531 anno
2187 4465 2261 4531 in
2306 4486 2563 4531 annum
2609 4477 2681 4533 et
2726 4465 2915 4553 quod
2959 4484 3088 4553 pro
3133 4484 3316 4532 anno
3369 4465 3536 4533 1488
3584 4464 3726 4534 sint
3770 4485 3970 4533 saco-

226 4578 670 4633 manatorum
717 4587 847 4653 pro
892 4567 1171 4636 residuo
1216 4568 1453 4635 damni
1498 4589 1761 4636 eorum.

407 4673 512 4740 Ut
558 4672 837 4740 hautem
884 4674 974 4741 he
1022 4675 1411 4742 additiones
1459 4675 1853 4742 levarentur
1923 4688 1993 4744 et
2059 4677 2419 4744 satisfieret
2463 4677 3007 4767 quibuscomque
3056 4678 3520 4747 creditoribus
3565 4680 3968 4760 communis,

117 4777 189 4844 35
236 4779 439 4846 10010
499 4779 639 4845 11111
706 4779 1007 4846 maxima
1064 4781 1334 4868 pratica
1392 4801 1519 4869 per
1564 4782 1902 4862 antianos,
1963 4784 2155 4871 quod
2217 4784 2531 4871 quelibet
2596 4785 3018 4854 universitas
3084 4786 3334 4853 Parme
3403 4786 3672 4874 aliquid
3740 4789 3967 4854 exsol-

226 4899 449 4964 veret,
497 4885 726 4952 saltim
772 4887 846 4954 id
892 4888 1086 4974 quod
1129 4909 1258 4975 pro
1304 4887 1780 4956 additionibus
1824 4909 2103 4956 suorum
2150 4889 2587 4958 introituum'
2634 4892 2839 4959 unius
2868 4894 3034 4959 anni
3081 4893 3452 4974 solverent,
3499 4908 3575 4962 ut
3604 4894 3965 4962 videretur

229 5006 574 5080 quantum
621 4994 962 5061 cumulari
994 4995 1227 5081 ,possit
1272 5006 1344 5062 01
1387 4995 1445 5061 si
1491 5007 1756 5063 tantum
1804 4996 2110 5076 daretur,
2158 5009 2494 5084 quantum
2540 4997 2764 5085 ipsum
2808 4999 3123 5067 debitum
3169 5001 3552 5068 communis
3596 5002 3789 5089 capit
3833 5021 3965 5088 pro

231 5100 436 5166 annis
482 5110 673 5178 oct0,
719 5101 910 5187 quod
956 5099 1263 5169 debitum
1313 5102 1591 5169 excedit
1632 5122 1966 5168 summam
2016 5102 2342 5169 librarum
2389 5105 2794 5195 octuaginta
2836 5105 3133 5173 millium
3192 5118 3265 5173 01
3324 5106 3524 5175 ultra.
3613 5109 3964 5195 Reperte-

231 5227 369 5294 que
402 5217 568 5272 sunt
616 5227 822 5293 quam
854 5208 1069 5272 multe
1113 5207 1602 5274 universitates
1631 5208 1882 5275 multas
1913 5209 2245 5296 pecunias
2276 5210 2689 5278 offerrentes
2718 5232 2847 5298 pro
2895 5211 3254 5280 liberanda
3284 5215 3708 5282 comunitate
3738 5226 3808 5282 et
3836 5236 3966 5302 pro

116 5315 193 5377 40
233 5312 570 5379 tollendis
612 5311 690 5377 in
732 5323 1073 5399 perpetuo
1119 5313 1615 5383 additionibus.
1694 5314 1938 5383 Clerus
1970 5315 2229 5383 obtulit
2275 5317 2570 5384 ducatos
2599 5319 2768 5396 30ος
2817 5337 2929 5384 ars
2975 5318 3131 5386 lane
3177 5320 3615 5400 tantundem3
3662 5342 3968 5389 arroma-

237 5419 390 5509 tarij
453 5418 670 5486 libras
714 5430 1093 5498 trecentas3
1140 5422 1563 5488 reverendus
1594 5420 1918 5491 dominus
1963 5422 2333 5509 episcopus
2380 5425 2673 5491 ducatos
2718 5436 3126 5493 trecentum.
3218 5426 3309 5494 Et
3354 5427 3457 5495 sic
3504 5428 3642 5496 alie
3687 5430 3968 5497 univer-

240 5527 498 5593 sitates.
591 5524 1135 5592 Deliberabatur
1176 5526 1385 5594 etiam
1429 5528 1501 5594 in
1546 5548 1720 5616 agro
1766 5527 2125 5595 Parmensi
2169 5531 2350 5597 111101
2416 5529 2882 5598 districtuales
2933 5531 3292 5620 imponere
3342 5534 3731 5603 collectam.
3811 5536 3965 5604 Hec

242 5633 573 5718 pendent.
667 5631 865 5712 Quid
911 5645 1253 5720 sequetur,
1300 5632 1625 5701 nescitur.
2835 5703 2839 5722 ,

410 5739 681 5829 Magna
724 5740 921 5805 fama
964 5737 1100 5805 fuit
1144 5739 1216 5805 in
1260 5739 1499 5807 medio
1545 5740 1723 5808 dicti
1765 5742 2021 5809 mensis
2062 5742 2385 5832 januarij,
2420 5745 2614 5831 quod
2644 5744 2788 5811 dux
2817 5745 3161 5814 Hercules
3193 5746 3519 5815 Extensis
3551 5750 3963 5837 capitaneus

138 5841 213 5906 45
250 5844 375 5933 lige
416 5845 506 5914 ob
548 5865 881 5937 gressum
923 5843 1276 5935 Laurentij
1328 5845 1599 5912 Medici
1642 5848 1738 5916 ad
1782 5867 2018 5935 regem
2065 5848 2609 5929 Ferdinandum,
2657 5850 2886 5918 factus
2931 5851 3144 5919 1110111
3187 5854 3597 5939 capitaneus
3631 5854 3955 5924 Veneto-

250 5973 406 6035 rum3
450 5971 764 6042 cumque
808 5971 946 6039 pro
993 5964 1171 6018 statu
1218 5951 1614 6020 Mediolani
1664 5954 1905 6021 missus
1967 5954 2186 6023 1110111
2242 5955 2601 6024 Ferariam
2664 5957 2991 6024 dominus
3036 5959 3283 6028 Petrus
3332 5959 3423 6028 de
3469 5960 3836 6030 Pusterula
3879 5964 3958 6029 in

4116 4914 4274 4962 Mun..
4303 4913 4387 4956 330
