4895 7066
345 495 443 571 [A.
476 498 634 574 1482
672 493 932 565 giugno]
1512 486 1626 560 IN
1680 484 2196 558 PARTIBUS
2252 484 2888 558 LOMBARDIE
3908 480 4051 556 109

1285 631 2444 642 mmm-omu.m..aaau-u..aannonnanes-⁵00·nnn-nn-·m-mn-onouneuunm
2449 628 4052 642 onae-..nn-noo·ummnnu---wmunooaeonuov-um-moememm-oum

510 748 776 816 Octavo
820 746 997 839 junij
1048 746 1328 814 Sforcia
1369 768 1688 815 reversus
1732 746 2052 813 Parmam
2102 767 2259 813 com
2307 744 2495 814 omni
2539 766 2678 834 quo
2723 746 2947 834 potuit
2990 745 3297 813 exercitu
3341 745 3597 813 ducalli
3642 745 3944 833 equestri
3989 755 4062 812 et

354 855 643 946 pedestri
689 854 1009 935 accessit,
1055 867 1132 921 nt
1180 866 1405 920 castra
1448 855 1750 921 firmaret
1816 853 2074 920 Sancto
2137 852 2506 932 Secund03
2569 853 2696 919 sed
2758 875 2800 919 a
2859 853 3229 942 magnifico
3290 853 3571 919 domino
3630 851 4062 920 Petromaria

354 965 481 1030 illic
527 963 885 1041 existente,
941 962 1171 1029 multis
1215 981 1371 1028 com
1433 960 1786 1049 armigeris
1837 973 1907 1027 et
1948 959 2293 1047 peditibus
2346 960 2721 1041 insultatus,
2772 981 2927 1027 com
2977 960 3271 1027 maximo
3317 960 3669 1027 dedecore
3717 971 3788 1027 et
3832 971 4062 1049 strage

352 1070 702 1137 multorum
750 1069 1085 1135 cohactus
1131 1079 1235 1134 est
1279 1088 1495 1154 usque
1544 1067 1633 1133 ad
1683 1067 2041 1154 Grugnum
2088 1079 2285 1154 terga
2331 1067 2521 1145 dare,
2570 1087 2704 1133 nec
2748 1066 2971 1154 potuit
3018 1079 3242 1132 castra
3286 1078 3449 1133 tunc
3499 1066 3789 1132 firmare.

282 1178 313 1241 5
514 1176 811 1242 Decimo
851 1175 1019 1263 junij
1069 1175 1416 1263 magnifici
1464 1173 1723 1241 domini
1775 1173 2006 1241 Guido
2052 1186 2123 1240 et
2168 1193 2403 1239 comes
2446 1172 2818 1240 Amoratus
2863 1193 3017 1240 com
3067 1173 3253 1240 omni
3300 1193 3538 1240 eorum
3585 1173 3893 1239 exercitu
3936 1191 4057 1237 ac-

355 1296 693 1350 cesserunt
740 1282 832 1350 ad
880 1283 1220 1349 civitatem
1267 1281 1517 1348 Parme
1564 1282 1632 1346 in
1680 1281 1903 1369 burgo
1951 1280 2190 1348 Sancti
2233 1279 2648 1360 Michaellis,
2695 1279 2813 1346 ubi
2858 1278 3176 1367 populus'
3224 1279 3530 1345 exiverat
3576 1289 3892 1358 armatus,
3939 1277 4060 1344 ubi

357 1410 596 1478 magna
641 1390 820 1455 inter
862 1401 1198 1476 utranque
1246 1397 1511 1475 partem
1556 1408 1792 1476 pugna
1839 1398 1942 1454 est
1987 1388 2196 1453 facta.
2287 1385 2492 1453 Multi
2541 1387 2730 1451 cives
2777 1386 3122 1466 cecidere,
3171 1385 3364 1453 multi
3412 1398 3617 1473 atque
3666 1384 3851 1471 capti
3901 1397 4060 1452 sunt

355 1510 420 1563 et
458 1497 526 1562 in
569 1497 967 1564 reversione
1015 1495 1535 1562 combusserunt
1579 1496 1793 1561 multa
1838 1494 2237 1561 molendina
2270 1493 2519 1560 civium
2553 1505 2624 1560 et
2655 1493 2902 1561 multas
2936 1493 3198 1574 domos,
3232 1494 3420 1580 quod
3453 1491 3715 1560 civibus
3744 1490 4058 1560 omnibus

354 1603 728 1682 mestitiam,
775 1604 1009 1668 fletum
1056 1615 1127 1669 et
1172 1602 1484 1669 dolorem
1532 1602 1771 1669 attulit.

250 1711 315 1775 10
514 1708 913 1776 Undecimo
956 1707 1125 1800 junij
1177 1708 1454 1776 Sforcia
1500 1729 1655 1775 00111
1704 1708 1890 1774 0111111
1937 1727 2061 1774 suo
2108 1707 2416 1774 exercitu
2447 1707 2704 1773 ducalli
2736 1707 3049 1829 discessit
3096 1729 3138 1773 a
3185 1706 3445 1774 Sancto
3477 1705 3805 1774 Secundo
3837 1717 3909 1773 et
3938 1704 4060 1772 ivit

352 1817 435 1882 ad
476 1814 1192 1894 Rochamblancham,
1241 1829 1316 1881 ut
1359 1814 1500 1881 illic
1549 1826 1774 1882 castra
1816 1826 2051 1901 ponat.

346 1915 351 1932 '
517 1922 1039 1989 Tertiodecimo
1083 1923 1253 2013 junij
1311 1922 1660 2011 magnifici
1721 1921 1984 1988 domini
2033 1921 2263 1989 Guido
2327 1922 2415 1988 de
2478 1921 2747 1990 Rubeis
2790 1935 2862 1989 et
2906 1942 3142 1989 comes
3201 1920 3573 1989 Amoratus
3619 1920 4061 2004 deTorellis

353 2051 497 2096 com
544 2030 733 2096 omni
780 2050 1013 2095 eorum
1063 2029 1369 2096 exercitu
1415 2041 1486 2095 et
1534 2049 1690 2095 com
1733 2028 1935 2095 turba
1981 2051 2233 2117 magna
2261 2030 2668 2096 rusticorum
2702 2041 3144 2095 accesserunt
3176 2029 3266 2094 ad
3296 2042 3533 2116 portas
3566 2029 3803 2097 Sancti
3836 2031 4055 2097 Fran-

352 2136 508 2202 cisci
552 2149 624 2204 et
671 2135 913 2203 Sancti
956 2135 1354 2202 Michaellis
1399 2134 1673 2215 Parme,
1718 2149 1795 2203 ut
1838 2147 2107 2202 vastent
2153 2134 2383 2216 blada,
2431 2136 2606 2203 vites
2652 2148 2722 2202 et
2766 2135 3050 2202 arbores
3097 2135 3366 2203 civium.
3461 2134 3632 2222 Sed·
3651 2134 3912 2222 populo
3959 2136 4051 2201 ad

347 2363 608 2437 partem
657 2351 1021 2416 commissa
1082 2350 1212 2416 fuit
1272 2361 1468 2416 atrox
1525 2370 1780 2438 pugna,
1828 2349 1899 2414 in
1944 2370 2083 2438 qua
2142 2350 2335 2416 multi
2396 2350 2585 2416 cives
2646 2349 2990 2429 cecidere,
3037 2348 3332 2414 maxime
3378 2348 3656 2436 quidam
3703 2349 4057 2436 Johannes

344 2457 631 2524 Pellicia
677 2470 887 2543 caput
931 2457 1403 2545 capistrorum,
1437 2457 1683 2536 audax,
1714 2456 2079 2523 seditiosus
2124 2469 2196 2524 et
2238 2456 2609 2536 homicida,
2642 2457 2758 2544 qui
2805 2456 2874 2521 in
2918 2455 3264 2543 preteritis
3306 2455 3691 2523 sacomanis
3720 2457 4052 2533 affuerat3

345 2565 615 2651 quidam
650 2564 935 2632 Galleaz
966 2564 1055 2630 de
1086 2563 1438 2630 Musachis
1471 2564 1676 2631 etiam
1710 2564 2163 2656 facinorosus,
2195 2564 2474 2652 quidam
2498 2563 2676 2630 Bida
2706 2575 2775 2630 et
2806 2562 2998 2629 multi
3023 2562 3159 2654 alij.
3208 2562 3546 2651 Captique
3579 2575 3737 2629 sunt
3766 2575 3836 2629 et
3867 2563 4059 2629 ducti

344 2670 660 2736 Fillinum
706 2672 779 2736 in
825 2669 1216 2737 carceribus
1244 2671 1677 2758 septuaginta
1712 2670 1850 2736 duo
1883 2669 2071 2736 cives
2102 2682 2173 2737 et
2202 2670 2393 2738 multi
2425 2671 2706 2736 fuerunt
2734 2669 3072 2736 vulnerati
3103 2681 3173 2735 et
3204 2668 3396 2735 multi
3424 2669 3749 2755 relapsati
3780 2681 3851 2735 et
3880 2669 4059 2735 inter

226 2779 303 2841 20
349 2776 513 2844 alios
555 2778 801 2843 unicus
844 2777 1047 2844 fillius
1094 2775 1379 2867 Sertorij
1427 2776 1739 2843 Billiardi
1783 2777 2196 2855 vulneratus,
2244 2775 2361 2863 qui
2406 2777 2592 2842 infra
2637 2777 2812 2842 duos
2842 2776 2992 2842 dies
3038 2775 3368 2853 decessit;
3418 2787 3490 2842 et
3532 2775 3678 2862 ipse
3714 2775 4059 2843 Sertorius

345 2883 410 2948 in
453 2884 643 2950 facie
690 2882 982 2950 obtinuit
1028 2882 1442 2963 cicatricem,
1476 2895 1548 2949 et
1579 2895 1838 2970 captus,
1871 2884 2251 2969 relapsatus
2296 2883 2444 2950 fuit.
2538 2883 2750 2949 Totta
2795 2882 3034 2949 civitas
3079 2895 3228 2949 erat
3272 2881 3343 2948 in
3386 2882 3551 2949 fletu
3605 2893 3676 2948 et
3722 2881 4054 2962 lacrimis3

344 3003 409 3056 et
449 2990 522 3055 in
567 2989 964 3056 reversione
1009 2990 1248 3077 populi
1293 2989 1364 3055 in
1412 2990 1687 3057 civitate
1736 2990 1874 3056 duo
1921 2988 2155 3056 Rubei
2186 2989 2445 3056 inventi
2475 3010 2604 3076 per
2635 2988 2813 3055 viam
2848 2987 3235 3055 obtruncati
3265 3001 3444 3069 sunt,
3478 2988 3649 3055 alter
3683 2989 3754 3054 in
3784 2989 4054 3076 plateis,

343 3097 508 3163 alter
567 3117 794 3183 prope
859 3096 1186 3163 Sanctum
1247 3097 1637 3184 Johannem
1700 3097 1789 3163 de
1854 3095 1921 3162 la
1982 3095 2331 3176 Stachata,
2394 3095 2616 3162 silicet
2674 3096 2992 3162 dominus
3050 3095 3573 3162 Bartholameus
3623 3096 4060 3163 Calzavacha

344 3203 900 3291 octuagenarius3
951 3217 1019 3269 et
1063 3202 1194 3269 nisi
1239 3202 1425 3289 capti
1456 3215 1527 3270 et
1553 3203 1874 3290 retempti
1920 3203 2208 3269 fuissent
2237 3215 2338 3269 tot
2370 3202 2559 3268 cives
2592 3202 2680 3268 de
2714 3200 2926 3267 tribus
2970 3202 3284 3289 squadris
3314 3215 3384 3268 et
3415 3203 3771 3282 carcerati,
3820 3221 4061 3269 omnes

221 3308 295 3375 25
342 3310 427 3375 de
471 3310 778 3398 squadra
806 3307 1058 3376 Rubea
1088 3321 1227 3375 tam
1273 3308 1580 3388 masculi,
1627 3329 1833 3397 quam
1864 3309 2123 3375 femine
2170 3309 2241 3375 in
2288 3308 2562 3374 civitate
2610 3329 2652 3373 a
2697 3306 2910 3373 tribus
2955 3306 3268 3395 squadris
3314 3307 3699 3374 obtruncati
3743 3308 4053 3375 fuissent.

342 3416 481 3483 Sed
524 3417 670 3482 hoc
721 3417 1014 3483 cessavit
1058 3428 1244 3482 metu
1289 3428 1644 3502 captorum
1694 3429 1765 3486 et
1809 3428 2337 3496 carceratorum,
2384 3436 2474 3481 ne
2522 3413 2740 3481 simile
2789 3414 2921 3480 illis
2965 3415 3179 3481 fieret.
3270 3415 3492 3481 Multe
3550 3415 3755 3483 etiam
3809 3416 4055 3482 domus

340 3522 693 3590 combuste
743 3537 898 3591 sunt
940 3544 1161 3611 prope
1207 3536 1479 3611 portam
1527 3523 1764 3591 Sancti
1808 3523 2183 3592 Francisci.

514 3630 1058 3709 Quintodecimo
1101 3631 1273 3721 junij
1326 3630 1666 3697 exercitus
1713 3630 2022 3711 ducallis,
2057 3630 2174 3718 qui
2203 3630 2423 3697 iverat
2467 3651 2703 3697 versus
2730 3627 3448 3712 Rochamblancham,
3488 3650 3806 3699 reversus
3850 3642 3954 3698 est
3983 3630 4056 3697 in

338 3758 503 3826 agro
550 3737 833 3817 Nuceti,
880 3736 1334 3804 vociferando
1380 3737 1543 3802 vele
1587 3757 1851 3824 ponere
1900 3749 2125 3803 castra
2169 3737 2418 3805 Fillini.

218 3847 294 3910 30
518 3844 1015 3913 Sextodecimo
1056 3840 1220 3931 junii
1270 3843 1611 3909 exercitus
1654 3845 2007 3930 predictus
2054 3844 2343 3911 ducallis
2405 3844 2717 3911 discessit
2761 3843 2851 3910 ab
2896 3864 3066 3932 agro
3129 3845 3382 3912 Nuceti
3429 3857 3500 3912 et
3542 3846 3730 3912 venit
3775 3845 3846 3911 in
3889 3844 4057 3912 villa

332 3952 589 4031 Fillini,
637 3950 757 4018 ubi
804 3949 1047 4017 diebus
1092 3964 1381 4037 quatuor
1429 3971 1881 4031 commorans,
1934 3951 2177 4018 domos
2209 3973 2413 4039 quam
2446 3951 2692 4018 multas
2738 3950 3076 4018 comburit
3105 3964 3177 4018 et
3209 3952 3469 4018 infinita
3513 3953 3767 4018 damna
3811 3952 4053 4019 intulit.

335 4058 631 4145 Fuitque
679 4058 857 4124 inter
897 4069 1256 4145 utrumque
1305 4057 1702 4138 exercitum,
1749 4057 2078 4125 videlicet
2123 4058 2469 4125 ducallem
2518 4071 2587 4124 et
2631 4057 2979 4138 Rubeum,
3012 4059 3222 4125 motio
3270 4079 3522 4147 magna
3565 4072 3636 4126 et
3680 4059 3868 4125 facte
3899 4070 4056 4126 sunt

334 4163 496 4229 hinc
546 4163 712 4229 inde
759 4163 969 4230 multe
1017 4163 1443 4230 scaramutie.
1538 4163 1721 4229 Nam
1768 4164 2109 4231 exercitus
2167 4163 2573 4232 Rubeorum
2619 4185 2692 4231 se
2742 4165 3110 4231 reduxerat
3154 4165 3226 4230 in
3269 4165 3453 4251 pede
3516 4165 3766 4231 montis
3825 4165 4054 4232 Fillini

338 4268 423 4335 ab
471 4270 777 4336 ecclesia
822 4269 1061 4337 Sancti
1105 4269 1515 4337 Christofori
1562 4291 1788 4357 supra,
1836 4269 2105 4337 iniectis
2150 4284 2221 4338 et
2266 4270 2620 4337 fabricatis
2668 4271 2756 4337 de
2804 4270 3034 4336 medio
3082 4271 3283 4337 fossis
3328 4284 3399 4338 et
3442 4270 3761 4360 ageribus
3806 4272 4053 4339 multis.

228 4375 299 4441 35
342 4374 503 4453 Quo
550 4376 825 4443 interim
872 4377 1275 4464 magnificus
1321 4376 1636 4444 dominus
1680 4376 2138 4443 Petrusmaria
2181 4364 2253 4443 in
2300 4378 2558 4445 Sancto
2607 4377 2935 4445 Secundo
2982 4378 3280 4444 existens
3324 4397 3483 4445 com
3541 4377 3860 4466 gentibus
3920 4379 4058 4447 suis

342 4484 525 4570 cepit
568 4482 954 4562 victuanas,
1001 4476 1155 4569 que‘
1183 4504 1225 4548 a
1268 4482 1521 4548 Parma
1567 4483 1899 4550 exercitui
1944 4484 2199 4550 ducalli
2244 4484 2694 4553 vehebantur.

514 4589 677 4654 Hac
723 4588 838 4654 die
882 4589 1195 4676 proxime
1243 4588 1430 4655 dicta
1474 4589 1663 4656 venit
1706 4590 1778 4654 in
1821 4589 2127 4677 partibus
2157 4591 2497 4658 montanis
2525 4590 3009 4658 Parmensibus
3039 4591 3282 4680 ingens
3314 4604 3384 4659 et
3414 4590 3731 4659 terribilis
3761 4593 4051 4681 grando,

338 4716 469 4783 que
518 4695 811 4776 fructus,
859 4693 1068 4761 blada
1129 4707 1199 4762 et
1258 4695 1495 4762 vineas
1546 4697 1853 4776 vastavit,
1918 4718 2203 4785 quarum
2263 4698 2674 4785 grandinum
2734 4697 2961 4785 alique
3023 4699 3407 4785 ponderate
3472 4711 3668 4765 erant
3731 4698 4054 4766 librarum

339 4803 652 4885 duarum,
703 4801 931 4888 alique
975 4801 1174 4869 unius
1221 4801 1392 4868 libre
1427 4815 1497 4869 et
1528 4803 1754 4891 alique
1776 4803 1984 4928 ‘unius
2016 4802 2187 4870 libre
2222 4824 2377 4871 com
2411 4804 2698 4871 dimidio
2729 4816 2801 4871 et
2830 4816 3027 4871 erant
3069 4805 3468 4892 scrupulose
3499 4818 3570 4872 et
3599 4806 3804 4873 valde
3837 4806 4055 4873 admi-

230 4910 299 4973 40
338 4907 595 4974 rabiles
641 4928 728 4973 80
773 4908 1057 4975 insuete.

511 5014 677 5080 Hoc
723 5014 926 5080 etiam
973 5026 1282 5102 tempore
1330 5037 1487 5082 cum
1536 5017 1851 5084 dominus
1885 5018 2239 5106 Johannes
2282 5018 2647 5086 Bentivola
2674 5018 2931 5086 vallido
2965 5038 3122 5085 com
3167 5018 3473 5087 exercitu
3518 4986 4053 5087 Bononiensium

336 5121 571 5188 ivisset
616 5119 692 5184 in
737 5140 907 5207 agro
950 5121 1337 5188 Ferariensi
1382 5122 1453 5188 in
1499 5123 1748 5189 auxilio
1795 5124 2012 5204 ducis,
2058 5136 2438 5213 gentesque
2485 5147 2604 5191 sue
2661 5123 3111 5192 derobassent
3169 5124 3434 5213 aliquos
3492 5126 3806 5192 homines
3859 5125 4055 5192 villa-

334 5250 485 5294 rum
532 5224 1065 5307 Ferariensium‚
1099 5228 1239 5294 dux
1283 5228 1430 5315 ipse
1463 5229 1672 5296 iratus
1702 5230 2004 5317 appendi
2036 5231 2209 5299 fecit
2235 5231 2601 5298 nonnullos
2645 5231 2772 5319 ipsi
2821 5232 3102 5298 domino
3145 5232 3447 5321 Johanni
3494 5232 3898 5312 carissimos,
3962 5230 4053 5298 ob

336 5333 527 5420 quod
572 5333 740 5399 hinc
785 5332 949 5401 inde
996 5346 1146 5400 orta
1190 5334 1542 5402 inimicitia
1587 5349 1658 5404 et
1702 5336 2176 5419 descensione,
2224 5338 2372 5425 ipse
2421 5338 2737 5405 dominus
2766 5338 3118 5425 Johannes
3145 5338 3416 5426 hospite
3460 5337 3847 5406 insallutato
3896 5358 4053 5406 com

233 5438 299 5504 45
340 5441 527 5506 omni
571 5461 700 5506 sua
745 5440 1067 5507 comitiva
1110 5441 1200 5506 ad
1244 5442 1535 5528 patriam
1580 5444 3796 5515 remeavit..

514 5546 811 5613 Decimo
861 5560 1110 5614 octavo
1167 5548 1339 5638 junij
1407 5569 1564 5615 cum
1626 5550 1943 5618 dominus
2004 5551 2233 5619 Guido
2291 5552 2582 5620 Rubeus
2642 5553 2937 5621 existens
2980 5551 3212 5618 Fillini
3273 5553 3563 5621 vallatus
3608 5552 3695 5619 ab
3744 5552 4054 5619 exercitu

342 5652 593 5719 ducaili
654 5672 978 5741 magnam
1024 5653 1197 5720 fecit
1254 5654 1606 5722 hominum
1668 5670 1739 5724 et
1798 5656 2220 5725 subditorum
2281 5679 2556 5725 suorum
2620 5659 3211 5739 coadunationem,
3272 5671 3349 5726 ut
3406 5659 3625 5747 ipsum
3675 5659 4052 5725 exercitum

348 5760 629 5847 fugaret,
676 5759 797 5826 hic
845 5760 1188 5826 exercitus
1231 5760 1302 5826 in
1346 5784 1549 5829 mane
1596 5784 1670 5829 se
1719 5763 1971 5831 levavit
2014 5786 2056 5830 a
2100 5765 2265 5831 villa
2307 5765 2558 5846 Fillini,
2593 5766 2881 5833 dimissis
2925 5765 3021 5832 ibi
3066 5765 3293 5833 multis
3338 5766 3562 5847 armis,
3595 5764 3933 5833 lebetibus
3962 5767 4055 5833 ad

350 5866 561 5954 ignem
608 5865 940 5934 carnibus
984 5866 1207 5953 plenis
1254 5879 1326 5934 et
1370 5867 1595 5935 multis
1639 5869 2223 5957 suppellectilibus
2269 5884 2340 5939 et
2383 5872 2677 5940 tentoria
2719 5874 2865 5941 fixit
2906 5873 3300 5961 Cat-ignaui.
3886 5860 3892 5865 ⁹

258 5967 318 6036 50
507 5973 669 6054 Qua
717 5974 933 6041 etiam
997 5973 1111 6039 die
1170 5974 1573 6064 magnificus
1632 5976 1948 6045 dominus
2006 5975 2470 6046 Petrusmaria
2530 5978 2714 6068 cepit
2759 5979 2948 6046 dicto
2993 5979 3324 6049 exercitui
3384 5999 3624 6049 omnes
3667 5979 4042 6068 victualias,

4209 3662 4249 3692 e.
4282 3647 4366 3691 11⁶
4394 3660 4426 3690 v

4205 4613 4360 4661 Mun..
4387 4610 4465 4653 38⁴
4505 4645 4516 4656 .

4192 6007 4404 6057 cant
