4895 7066
3 1494 44 1509 0.-

235 492 343 566 [A.
382 495 542 551 1478
580 493 1067 568 lagno-agusto]
1427 484 1540 558 IN
1595 482 2121 559 PARTIBUS
2173 480 2807 557 LOMBARDIE
3872 480 3973 555 29

2366 641 2620 649 Μ...-

2943 640 3382 649 m———ffl-a--n

3609 639 3981 649 mun-0·—

244 751 508 819 Sancto
553 751 904 821 Severino
947 765 1024 824 et
1068 764 1470 842 querentem
1517 753 1691 821 alios
1733 751 2119 841 armigeros
2172 751 2475 833 deviare,
2520 751 2749 839 ipsum
2813 750 2976 840 capi
3036 763 3107 819 et
3165 748 3575 819 tormentari
3634 748 3830 831 fecit,
3892 770 3980 818 ac

238 858 315 924 in
359 860 577 946 pleno
623 862 895 947 populo
942 861 1118 929 hora
1162 859 1522 930 tertiarum
1571 859 1745 928 dicti
1795 859 1937 927 diei
1983 859 2292 947 appendi
2336 879 2465 946 per
2506 858 2767 948 gullam
2799 858 2893 925 ad
2922 858 3271 926 fenestras
3299 854 3562 947 pallatij
3598 855 3982 926 communis

241 963 522 1043 Parme,
567 986 798 1054 eoque
844 968 950 1036 sic
997 988 1307 1056 appenso
1353 967 1626 1034 sonavit
1672 985 1957 1056 arenga,
2002 977 2080 1033 ut
2124 965 2203 1034 fit
2245 964 2730 1052 proditoribus
2772 977 2844 1035 et
2887 963 3281 1033 rebellibus.

421 1073 511 1139 In
554 1074 696 1142 fine
743 1073 920 1143 dicti
963 1073 1215 1141 mensis
1257 1071 1432 1164 jullij
1482 1094 1637 1140 cum
1682 1071 2011 1141 transiret
2053 1090 2181 1159 per
2224 1072 2576 1140 civitatem
2623 1069 2872 1140 Parme
2917 1091 3152 1143 comes
3194 1071 3355 1161 Ugo
3400 1071 3494 1141 de
3542 1070 3803 1138 Sancto
3851 1070 3981 1139 Se-

166 1178 201 1246 5
244 1179 493 1247 verino
543 1180 815 1248 ducalis
858 1200 1205 1248 armorum
1252 1181 1510 1248 ductor
1554 1199 1711 1246 com
1756 1179 2027 1247 duabus
2070 1177 2392 1267 squadris
2434 1177 2929 1267 armigerorum
2961 1176 3181 1246 iturus
3210 1176 3659 1257 Florentiam,
3691 1175 3977 1265 quidam

244 1288 687 1356 Teutonicus
746 1289 1072 1356 staterius
1129 1307 1291 1355 suus
1351 1286 1587 1378 agillis
1646 1285 1971 1354 ascendit
2013 1285 2223 1355 turim
2285 1285 2670 1353 communis
2729 1286 2976 1353 Parme
3035 1297 3106 1353 et
3168 1283 3570 1372 capitelium
3637 1283 3977 1365 ultimum,

244 1393 363 1461 ubi
414 1406 530 1461 est
575 1393 968 1475 bandirola,
1014 1394 1273 1483 absque
1320 1394 1552 1483 aliqua
1596 1391 1831 1471 scalla,
1862 1404 1984 1460 aut
2015 1392 2154 1459 alio
2186 1390 2553 1470 adiutorio,
2586 1392 2906 1481 seditque
2936 1412 3142 1479 super
3174 1390 3364 1460 dicta
3393 1389 3788 1468 bandirola‚
3820 1410 3978 1456 eam

246 1501 529 1567 circum
576 1500 774 1568 circa
817 1503 1105 1581 ducens,
1148 1512 1399 1588 postea
1444 1502 1742 1588 desuper
1783 1499 2073 1567 tomavit
2118 1497 2407 1566 errectis
2451 1497 2789 1565 ambobus
2848 1497 3144 1586 pedibus
3201 1499 3280 1563 in
3343 1496 3622 1567 aierem.
3712 1495 3985 1565 Exinde

243 1618 479 1673 autem
534 1607 924 1689 descendit,
972 1609 1276 1695 receptis
1320 1629 1364 1674 a
1406 1607 1596 1676 dicto
1644 1606 1900 1674 comite
1950 1606 2135 1673 dono
2179 1604 2412 1672 aureis
2457 1604 2700 1684 tribus,
2747 1606 2840 1675 ad
2885 1602 3076 1693 quod
3119 1604 3499 1673 videndum
3528 1615 3601 1677 et
3630 1602 3978 1673 admiran-

1 1683 43 1803 ἶ
151 1717 203 1779 ιο
243 1714 413 1781 dum
464 1715 729 1782 mustus
773 1716 980 1782 affifit
1021 1714 1319 1804 populus
1364 1714 1441 1780 in
1483 1713 1731 1801 puteis
1774 1713 2042 1782 Parme.

0 1926 34 1939 ln„

424 1821 517 1887 In
582 1821 846 1888 auxilio
909 1821 1473 1889 Florentinorum
1520 1820 2041 1909 expectantium
2090 1818 2181 1888 de
2229 1818 2343 1888 die
2390 1818 2465 1885 in
2510 1818 2698 1885 diem
2759 1817 3149 1889 exercitum
3195 1817 3272 1885 in
3332 1838 3506 1910 agro
3552 1816 3980 1898 Florentino,

241 1949 433 2014 pape
485 1939 561 1995 et
606 1929 791 2018 regis
834 1927 1295 2007 Ferdinandi,
1338 1926 1545 1995 misse
1591 1938 1749 1994 sunt
1792 1948 1835 1993 a
1880 1924 2180 1993 dominis
2241 1925 2537 1994 ducibus
2597 1924 2985 1995 Mediolani
3043 1926 3466 1994 Florentiam
3522 1924 3818 2015 squadre
3870 1946 3983 1991 ar-

241 2034 691 2123 migerorum
738 2033 1095 2102 ducalium
1140 2034 1322 2104 bene
1370 2034 1853 2102 ordinatarum
1899 2053 2188 2100 numero
2234 2031 2483 2123 viginti
2546 2044 2727 2111 oct0,
2797 2053 2884 2100 ac
2951 2031 3152 2099 multi
3209 2032 3484 2121 pedites
3550 2042 3983 2101 mnseuntes

239 2141 515 2227 partim
584 2141 714 2228 pei·
784 2140 1136 2208 civitatem
1208 2141 1456 2208 Parme
1499 2152 1571 2208 et
1616 2162 1742 2228 per
1813 2142 2007 2227 alpes
2072 2138 2387 2206 Bononie
2433 2150 2504 2207 et
2547 2139 2801 2226 partim
2848 2160 2977 2227 per
3017 2138 3213 2227 alpes
3256 2137 3532 2207 Berceti
3579 2150 3647 2205 et
3689 2137 3984 2205 Pontre-

6 2236 14 2349 ἶ
137 2246 191 2311 15
239 2247 446 2325 muli,
498 2259 847 2335 ruptaque
894 2248 1031 2314 fuit
1076 2259 1146 2315 et
1190 2247 1621 2335 principiata
1664 2267 1883 2369 guera
1925 2246 1997 2311 in
2043 2264 2212 2335 agro
2261 2245 2660 2317 Florentino
2721 2266 2851 2333 per
2891 2256 3139 2337 gentes
3182 2245 3433 2316 summi
3498 2244 3848 2413 pontificis
3908 2255 3979 2313 et

242 2353 434 2420 dicti
484 2353 680 2443 regis
709 2353 825 2420 die
870 2376 1036 2420 xxv.
1078 2353 1260 2444 jullij
1311 2353 1483 2423 dicti
1530 2352 1699 2419 anni
1754 2350 1946 2423 1478.

428 2461 628 2528 Dum
672 2472 959 2547 paratus
1003 2460 1186 2527 foret
1232 2460 1584 2527 exercitus
1629 2470 1847 2528 status
1889 2458 2278 2528 Mediolani
2330 2459 2750 2549 equestrium
2796 2471 2868 2527 et
2912 2460 3337 2548 pedestrium
3381 2478 3832 2549 personarum
3878 2457 3987 2524 vi-

231 2567 432 2656 ginti
482 2566 801 2646 millium,
851 2567 939 2633 de
986 2585 1124 2653 quo
1168 2587 1378 2653 supra
1424 2576 1778 2634 narratum
1822 2576 1948 2646 est,
1994 2587 2124 2653 pro
2169 2565 2641 2635 succurrendo
2689 2578 2759 2632 et
2804 2566 3202 2636 invadendo
3248 2564 3600 2635 civitatem
3628 2561 3926 2655 Janue,
3906 2583 3982 2630 ιιι

232 2674 381 2741 fine
434 2674 623 2741 dicti
671 2672 931 2739 mensis
975 2673 1154 2764 jullij
1212 2671 1376 2743 1478
1425 2684 1669 2762 gentes
1713 2674 1862 2761 ipse
1908 2672 2377 2740 transiverunt
2420 2694 2555 2760 per
2597 2673 2845 2741 vallem
2891 2672 3267 2753 Pozevere,
3313 2672 3591 2743 nemine
3638 2671 3978 2749 obstante,

117 2783 185 2845 20
238 2778 556 2847 deinde'
603 2778 893 2846 ulterius
936 2780 1398 2867 procedentes
1443 2791 2018 2869 expugnaverunt
2049 2780 2118 2847 in
2150 2766 2427 2867 alpibus
2475 2780 2647 2848 duas
2692 2779 3109 2849 fortissimas
3137 2779 3398 2849 bastias
3442 2780 3535 2847 ad
3581 2777 3971 2867 oppositum

230 2909 369 2974 per
412 2888 813 2976 Januenses
855 2897 1164 2954 errectas
1209 2898 1281 2952 et
1323 2886 1500 2954 bene
1546 2885 1871 2965 munitas,
1913 2908 2035 2954 eas
2078 2885 2228 2954 solo
2275 2899 2629 2974 equantes.
2718 2886 2969 2957 Tertia
3013 2885 3317 2955 restabat
3362 2885 3587 2953 bastia
3629 2885 3724 2952 ad
3768 2904 3985 2970 expu-

230 2994 640 3082 gnandum,
684 3004 763 3060 ut
806 3014 891 3059 ea
935 2993 1222 3061 obtenta
1262 2992 1366 3061 eis
1409 2993 1548 3060 iter
1591 3004 1861 3080 pateret
1902 2992 2274 3080 expeditus
2317 2994 2412 3061 ad
2439 2994 2757 3082 Januam.
2850 2993 3235 3084 Sequentes
3263 2992 3631 3060 victoriam
3664 3002 3737 3059 et
3766 2991 3982 3059 auda-

230 3102 468 3167 tiores
514 3100 732 3179 facte,
781 3100 925 3166 ullo
972 3099 1124 3166 sine
1172 3098 1389 3168 dubio
1435 3100 1709 3167 tertiam
1756 3099 2051 3186 positam
2093 3101 2166 3166 in
2226 3101 2390 3169 loco
2455 3099 2649 3170 dicto
2707 3104 2738 3138 ⁸
2765 3100 2835 3166 el
2875 3100 3124 3169 Monte
3170 3099 3245 3167 di
3311 3098 3430 3167 dui
3493 3098 3683 3167 Frati
3708 3146 3771 3179 „,
3831 3117 3983 3165 cre-

233 3208 504 3276 dentes
548 3206 893 3294 obtinere‚
941 3206 1289 3275 ordinatis
1335 3205 1615 3274 aciebus
1660 3219 1730 3275 et
1775 3206 2032 3273 insultu
2078 3207 2151 3272 in
2197 3226 2282 3275 ea
2327 3207 2524 3275 facto
2571 3220 2642 3276 et
2686 3206 2820 3275 hac
2868 3206 3066 3295 quasi
3113 3207 3321 3286 victa,
3390 3206 3466 3275 in
3532 3227 3674 3294 qua
3739 3205 3985 3273 aderat

109 3312 179 3379 25
233 3315 587 3381 dominus
633 3312 993 3381 Robertus
1040 3314 1130 3380 de
1177 3313 1438 3382 Sancto
1487 3312 1824 3381 Severino
1871 3327 1942 3382 et
1985 3314 2181 3381 multi
2224 3314 2503 3401 pedites
2533 3315 2938 3404 Januenses,
2984 3311 3358 3382 deficiente
3404 3312 3565 3382 cibo
3597 3324 3669 3381 et
3712 3311 3983 3379 victua-

230 3421 361 3510 lijs
406 3421 806 3508 preparatis
845 3440 979 3515 ‚pro
1023 3441 1260 3487 earum
1307 3432 1694 3487 nostrarum
1754 3421 2065 3510 gentium
2111 3420 2328 3501 victu,
2390 3440 2527 3509 que
2589 3419 2967 3490 exercitum
3029 3420 3497 3510 sequebantur
3556 3432 3628 3488 et
3672 3420 3984 3490 nondum

231 3539 624 3606 venerant,
666 3540 915 3618 gentes
960 3538 1196 3595 nostre
1244 3526 1334 3596 ob
1380 3528 1660 3609 famem,
1706 3528 2028 3617 sitimque
2076 3540 2147 3596 et
2191 3527 2284 3596 ob
2344 3527 2716 3596 victoriam
2776 3526 3064 3596 aliarum
3128 3527 3418 3597 duarum
3480 3525 3855 3596 bastiarum
3910 3537 3983 3593 et

230 3635 336 3702 ob
384 3636 684 3724 longum
728 3635 869 3702 iter
908 3648 982 3703 et
1043 3635 1393 3702 sinistrum
1455 3636 1809 3715 montium,
1872 3636 2051 3704 fesse
2119 3648 2189 3704 et
2254 3635 2565 3714 faticate‚
2627 3635 3010 3705 sentientes
3069 3636 3367 3704 rusticos
3426 3635 3610 3702 illius
3671 3633 3984 3724 regionis

238 3757 391 3809 tam
443 3742 736 3823 amicos,
783 3763 993 3830 quam
1039 3742 1367 3809 inimicos
1399 3763 1439 3809 a
1470 3743 1707 3808 furore
1755 3741 1828 3808 in
1877 3762 1994 3810 eas
2022 3742 2309 3823 irruere,
2341 3743 2728 3811 clamantes·
2757 3746 2788 3779 ‘⁴
2815 3740 3067 3823 Carne,
3100 3763 3311 3811 carne
3343 3790 3402 3826 „,
3434 3741 3720 3808 dimissa
3750 3738 3984 3807 obsci-

114 3852 189 3915 30
236 3850 473 3917 dione
520 3849 714 3917 dicte
758 3847 978 3915 bastie
1041 3848 1368 3916 distantis
1413 3871 1457 3916 a
1500 3850 1726 3938 Janua
1786 3870 1918 3936 per
1977 3848 2304 3917 milliaria
2364 3847 2713 3938 quinque‚'
2761 3870 2835 3916 se
2881 3869 2957 3916 se
3016 3850 3091 3916 in
3151 3850 3393 3938 fugam
3452 3847 3981 3939 retrofugiendo

238 3956 523 4023 dedere
574 3966 646 4022 et
690 3954 765 4019 in
811 3955 985 4046 fuga
1012 3976 1057 4020 a
1085 3955 1368 4023 rusticis
1412 3955 1717 4023 insultati
1763 3967 1943 4037 sunt,
1989 3974 2077 4022 ac
2124 3955 2464 4023 denudati
2508 3955 2836 4038 vestibus,
2889 3955 3097 4022 armis
3142 3966 3211 4024 et
3258 3954 3478 4044 equis,
3525 3975 3608 4023 ac
3656 3954 3979 4022 omnibus

238 4060 762 4128 munitionibus
807 4063 900 4129 ad
945 4081 1253 4150 pugnam
1301 4061 1684 4148 deputatis3
1733 4061 2193 4150 denariosque
2224 4062 2484 4149 inipso
2530 4062 2844 4129 exercitu
2887 4062 3134 4129 missos
3161 4083 3293 4150 pro
3322 4083 3464 4128 una
3493 4082 3676 4152 paga
3707 4061 3984 4128 ammis-

240 4179 520 4234 serunt.
616 4167 940 4255 Dumque
987 4168 1329 4258 fugerent,
1377 4168 1782 4254 quammulti
1828 4168 2036 4236 armis
2077 4188 2152 4236 se
2198 4168 2564 4249 exuebant,
2613 4190 2698 4236 ea
2743 4168 2820 4234 in
2865 4179 3118 4236 terram
3164 4168 3597 4256 proiciendo,
3643 4179 3720 4235 ut
3764 4167 3838 4233 in
3870 4168 3986 4234 fu-

243 4273 522 4364 giendo
569 4273 900 4363 agiliores
944 4285 1016 4341 et
1062 4273 1356 4341 leviores
1401 4274 1666 4341 fierent.
1758 4272 1967 4342 Multi
2011 4275 2200 4362 capti
2244 4287 2403 4342 sunt
2449 4285 2520 4343 et
2564 4274 2759 4343 ducti
2802 4275 3118 4363 Januam,
3162 4294 3248 4342 ac
3294 4273 3501 4361 positi
3535 4274 3610 4344 in
3640 4273 3886 4365 galleis
3916 4285 3987 4338 et

1 4402 2 4405 ¹
127 4380 200 4445 35
248 4381 447 4447 inter
506 4380 688 4448 alios
748 4380 1157 4466 Zampetrus
1217 4379 1621 4469 Brigamini,
1682 4401 1767 4448 ac
1812 4380 2246 4448 Montichius
2311 4381 2490 4447 facti
2559 4393 2717 4448 sunt
2784 4379 3047 4467 captivi
3094 4380 3268 4449 dicti
3335 4380 3601 4447 domini
3662 4379 3985 4459 Roberti,

251 4486 604 4574 multique
649 4485 866 4553 occisi
912 4497 1090 4553 sunt.
1183 4485 1375 4553 Salvi
1421 4498 1954 4554 retrovenerunt
1999 4487 2332 4555 Terdone
2380 4508 2539 4554 com
2583 4486 2881 4554 maximo
2926 4487 3244 4575 periculo
3291 4506 3525 4554 comes
3585 4486 3831 4554 Petrus
3893 4487 3985 4553 de

249 4593 544 4672 Verme,
596 4591 876 4660 Sforcia
923 4593 1279 4672 naturalis,
1326 4613 1410 4660 ac
1459 4587 1793 4660 dominus
1824 4590 2076 4659 Petrus
2119 4594 2537 4661 Franciscus
2580 4592 3017 4673 Vicecomes,
3051 4592 3172 4681 qui
3218 4604 3543 4680 preerant
3574 4591 3784 4661 dictis
3812 4614 3984 4684 gen-

251 4698 464 4766 tibus.
559 4697 712 4765 Hec
757 4698 895 4764 fuit
941 4698 1242 4763 maxima
1287 4699 1562 4786 perdita
1608 4717 1736 4785 pro
1783 4709 1968 4765 statu
2012 4698 2427 4770 Mediolani.

434 4804 605 4872 Rex
647 4803 1137 4872 Ferdinandus
1182 4815 1372 4872 stans
1414 4806 1490 4872 in
1535 4805 1902 4892 proposito
1948 4792 2391 4874 Florentinos
2435 4806 2825 4898 subiugare,
2873 4809 2984 4875 vel
3030 4807 3256 4874 saltim
3318 4827 3727 4875 consumere
3773 4818 3845 4875 et
3894 4827 3987 4876 ne

6 4897 19 4942 ἕ
140 4913 215 4975 40
257 4923 554 4997 possent
601 4930 674 4975 se
714 4909 955 4997 juvare
1002 4909 1332 4999 gentibus
1375 4910 1805 4977 Venetorum
1838 4931 1996 4978 com
2043 4912 2143 4978 eis
2188 4912 2697 5002 colligatorum,
2730 4932 2867 4998 que
2910 4914 3052 5006 jam
3097 4925 3339 5001 parate
3384 4926 3583 4981 erant
3627 4913 3697 4982 in
3745 4933 3984 4981 eorum

255 5037 643 5095 sucursum,
692 5038 976 5103 operam
1022 5017 1196 5085 fecit
1240 5037 1397 5084 com
1444 5037 1609 5108 rege
1654 5019 1968 5109 Ungarie
1984 5031 2136 5086 ‘'suo
2197 5037 2481 5109 genero,
2544 5020 2666 5108 qui
2727 5041 3003 5108 passum
3065 5020 3261 5088 dedit
3321 5021 3623 5088 Turchis
3681 5020 3986 5089 intrandi

264 5124 527 5200 denuo,
560 5135 770 5209 prout
813 5144 998 5190 anno
1028 5124 1340 5211 proxime
1389 5144 1591 5191 curso
1625 5125 1967 5204 fecerant,
2000 5125 2069 5191 in
2099 5126 2435 5217 Forojulij
2469 5139 2540 5194 et
2570 5126 2669 5195 sic
2687 5124 2702 5155 '
2748 5127 3179 5196 intraverunt
3221 5128 3295 5194 in
3339 5128 3688 5215 principio
3732 5129 3983 5196 mensis

261 5229 539 5318 augusti
587 5229 762 5296 dicti
805 5231 970 5295 anni
1024 5229 1190 5302 1478
1240 5251 1398 5298 cum
1446 5231 1643 5319 equis
1701 5252 1988 5300 numero
2028 5232 2334 5301 sedecim
2378 5232 2684 5301 millibus
2746 5233 3138 5301 obscessuri
3198 5234 3560 5301 civitatem
3620 5235 3984 5304 Cividalis.

258 5338 353 5403 Et
398 5357 566 5402 cum
612 5333 712 5402 ibi
757 5338 1224 5423 reperuissent
1254 5336 1580 5403 comitem
1627 5337 1953 5405 Carolum
2000 5339 2090 5405 de
2134 5337 2478 5406 Montono
2508 5339 2602 5407 ad
2648 5339 3078 5407 obstaculum
3109 5352 3178 5407 et
3223 5340 3401 5409 dicti
3448 5340 3586 5407 loci
3634 5341 3987 5409 defensio-

17 5421 39 5483 ?
150 5440 220 5507 45
260 5462 420 5508 nem
467 5461 629 5508 com
675 5440 895 5507 tribus
939 5440 1249 5508 millibus
1291 5440 1486 5531 equis
1529 5454 1598 5509 et
1642 5443 1827 5510 inter
1860 5466 1982 5512 eos
2027 5444 2216 5511 facta
2247 5467 2385 5510 una
2415 5444 2853 5525 scaramutia,
2884 5445 2959 5511 in
2992 5466 3131 5533 qua
3174 5446 3437 5513 Teucri
3481 5447 3681 5533 peius
3724 5445 3988 5515 habue-

259 5559 439 5626 runt,
472 5546 862 5635 vidensque
892 5559 1109 5615 totam
1140 5547 1331 5617 illam
1362 5560 1793 5616 contractam
1825 5550 2167 5617 desertam
2202 5549 2293 5617 ob
2337 5550 2768 5618 invasionem
2801 5570 2929 5638 per
2958 5553 3240 5620 eosdem
3272 5571 3456 5618 anno
3490 5571 3695 5620 curso
3725 5553 3989 5621 factam

260 5654 550 5734 ibidem,
596 5665 799 5742 terga
842 5653 1207 5733 dederunt,
1254 5665 1329 5721 ut
1370 5653 1444 5719 in
1487 5654 1847 5723 Bossinam
1893 5667 2424 5735 reverterentur,
2474 5655 2543 5723 in
2590 5677 2798 5744 quam
2858 5679 2984 5746 per
3037 5657 3247 5725 aliam
3283 5659 3474 5725 *viam
3522 5661 3786 5727 reversi
3830 5671 3991 5727 sunt

262 5783 459 5849 quam
505 5779 643 5847 per
687 5781 865 5839 eam,
910 5780 1040 5846 per
1086 5780 1292 5847 quam
1353 5761 1494 5826 huc
1553 5772 1892 5828 venerant
1952 5774 2023 5830 et
2085 5761 2484 5829 insallutato
2545 5763 2824 5850 hospite
2885 5775 3323 5832 transeuntes
3383 5765 3459 5830 in
3503 5762 3990 5847 Allamaniam,

262 5866 622 5934 maximam
670 5865 963 5953 predam
1012 5866 1368 5932 hominum
1399 5877 1469 5934 et
1512 5865 1891 5935 bestiarum
1939 5867 2203 5935 ibidem
2236 5868 2585 5949 fecerunt,
2633 5891 2786 5936 eam
2831 5870 2906 5936 in
2953 5890 3195 5939 eorum
3237 5869 3537 5960 patriam
3569 5871 3984 5963 redigentes.

23 5961 56 6026 5⁵³
167 5969 227 6039 50
414 5973 589 6054 Quo
637 5972 933 6062 quidem
978 5992 1217 6039 mense
1264 5972 1533 6068 augusti
1582 5973 1760 6044 dicti
1804 5974 1972 6040 anni
2028 5972 2194 6045 1478
2245 5993 2481 6042 coram
2538 5997 2804 6068 summo
2868 5977 3220 6065 pontefice
3264 5977 3341 6048 in
3386 5978 3618 6051 Roma
3661 5999 3736 6050 se
3788 6000 3991 6067 repe-

4133 3866 4183 3906 M
4191 3876 4289 3918 υυυυ
4327 3865 4405 3906 2⁸⁴
